3564 5646
822 287 978 342 „25-

301 492 359 546 Auf
374 492 447 548 diese
466 495 552 549 Deine
571 495 658 565 Frage
677 496 755 564 (nach
775 497 826 551 den
848 498 977 553 Griinden
996 499 1042 553 des
1061 499 1281 556 Verschwindens
1301 501 1347 555 der
1370 519 1480 572 grossen
1498 503 1605 558 Redner

197 579 225 632 in
243 596 357 634 unseren
375 581 474 652 Tagen,
492 599 544 637 von
562 600 611 637 uns
630 584 728 638 beiden
746 585 786 638 oft
803 585 980 654 besprochen)
992 586 1043 640 Dir
1061 587 1230 656 (schriitlieh)
1250 605 1282 640 zu
1301 591 1449 642 antworten
1468 590 1522 644 und
1541 592 1600 645 cine

198 685 227 722 so
245 666 415 722 bedenteude
434 669 556 740 Auigabe
585 671 633 725 der
650 672 761 741 Lbsuug
787 672 948 727 zuzuidbren
967 705 1000 712 -
1019 690 1067 727 aus
1094 673 1142 728 der
1169 674 1226 728 sich
1254 672 1388 729 entweder
1411 677 1469 730 eine
1488 678 1599 747 geringe

198 755 328 826 Meinung
346 773 399 809 von
417 773 525 811 unserer
544 759 713 813 natdrliehen
731 759 881 830 Begabung
900 760 1006 829 ergabe
1034 761 1095 814 falls
1114 762 1162 816 wir
1181 779 1208 816 es
1227 763 1303 816 nieht
1321 764 1474 833 gleichweit
1490 764 1604 834 bringen

197 843 312 907 konnen,
333 844 397 898 oder
415 863 467 898 von
485 863 594 900 unserer
612 847 876 917 Urtheilsfabigkeit,
904 864 979 901 wenu
1007 848 1055 901 wir
1082 866 1109 902 es
1128 849 1204 902 nieht
1221 850 1316 903 wollen
1337 883 1368 890 —
1388 851 1434 904 das
1453 851 1542 905 uiirde
1560 851 1604 905 ich

198 930 360 1002 wahrhaftig
387 933 463 986 nicht
490 950 591 1001 wagan,
620 951 696 988 wenu
724 933 768 987 ich
786 934 873 988 meiue
903 935 997 1005 eigene
1017 935 1129 989 Stimme
1149 936 1262 990 dariiber
1282 937 1437 1007 abzugeben
1456 938 1511 991 und
1529 938 1604 991 nicht

197 1019 327 1073 vielmebr
345 1020 403 1073 eine
422 1020 621 1089 Unterlraltung
651 1022 698 1074 der
725 1021 767 1076 itin
792 1038 886 1074 misere
906 1021 965 1074 Zeit
992 1021 1219 1092 redekundigsten
1247 1025 1359 1078 Minner
1385 1024 1604 1095 wiederzugeben

198 1110 282 1174 hatte,
311 1109 397 1162 denen
423 1109 465 1162 ich
494 1109 533 1161 als
562 1109 631 1162 noch
661 1126 728 1178 ganz
753 1108 851 1177 junges
869 1109 950 1162 Manu
972 1110 1088 1174 auberto,
1109 1111 1148 1163 als
1167 1111 1205 1165 sie
1225 1111 1292 1165 eben
1311 1112 1384 1165 diese
1403 1130 1497 1166 uasere
1516 1113 1602 1181 Frage

198 1196 397 1250 verbandelten.
412 1197 446 1250 So
461 1196 577 1249 brauclre
591 1197 634 1249 ielr
646 1197 724 1249 keine
738 1195 980 1265 ldrfindungskraft,
996 1196 1111 1250 sondem
1123 1215 1173 1250 nur
1187 1198 1350 1252 Gedaichtnis
1363 1199 1418 1253 und
1427 1200 1603 1269 Frinnerung,

199 1300 243 1337 um
263 1283 307 1337 die
326 1283 505 1353 guistreiehen
520 1282 665 1337 Gedanken
685 1283 740 1337 und
755 1283 798 1336 die
811 1283 931 1353 witrdige
944 1284 1024 1337 Form
1035 1284 1111 1353 jener
1124 1285 1336 1354 massgebenden
1348 1286 1604 1351 Persbnlielrlreiten,

197 1370 240 1425 die
259 1371 303 1424 ich
321 1371 418 1440 gelabit
435 1403 469 1410 -
486 1376 524 1423 eie
541 1379 670 1423 vertraten
689 1374 763 1422 tbeile
781 1373 830 1422 den
852 1380 1094 1438 eutyeqeupeaetzten
1123 1377 1184 1438 (aaa
1210 1391 1265 1434 aar,
1294 1375 1419 1438 Fabiu-ri)
1447 1375 1521 1427 tbetle
1553 1376 1604 1426 dea

197 1461 343 1511 adrirltebeu
361 1461 424 1511 ater
443 1459 652 1512 eiulancbreadea
671 1459 841 1524 Staadpanler
871 1457 925 1511 und
953 1459 1026 1512 einer
1053 1459 1103 1514 wie
1131 1459 1178 1513 der
1206 1459 1302 1513 andere
1331 1459 1441 1513 braehte
1470 1461 1513 1514 ein
1540 1460 1603 1514 Bild

196 1545 283 1600 seinos
301 1546 412 1600 inneren
431 1546 564 1616 geistigen
582 1544 691 1599 Lebens
708 1562 754 1598 zur
771 1545 952 1614 Ansehauung
970 1577 1002 1584 -
1019 1545 1088 1614 jetzt
1106 1546 1134 1600 in
1153 1546 1200 1599 der
1218 1545 1342 1615 gleiehen
1362 1545 1527 1616 Gliederung
1545 1546 1601 1600 und
1655 1564 1656 1568 ¹

196 1633 435 1704 Begriindungim
454 1634 548 1702 Gange
564 1633 641 1702 jenes
662 1633 828 1702 Gespritehes
848 1631 1076 1702 wiederzugeben.

300 1740 341 1805 Et
362 1743 445 1805 recte
469 1741 596 1824 quidem
618 1740 669 1804 hic
693 1740 767 1804 ordo
792 1739 1001 1804 diversas
1035 1739 1108 1804 vel
1143 1739 1316 1804 easdem
1351 1740 1424 1804 sed
1457 1742 1602 1823 proba-

196 1844 321 1910 biles.
368 1844 489 1926 Quippe
511 1845 595 1927 Aper
617 1845 648 1908 in
671 1844 770 1926 primo
802 1863 874 1907 cum
896 1845 1038 1909 Materno
1064 1847 1096 1908 et
1119 1844 1254 1909 seeundo
1279 1864 1350 1908 cum
1373 1845 1512 1909 Messala
1536 1864 1602 1909 cer-

194 1948 310 2014 tamine
334 1948 553 2013 diversam
585 1948 734 2013 aTacito
766 1950 797 2012 et
818 1948 925 2026 Fabio,
958 1949 1053 2032 quia
1084 1951 1226 2015 Materno
1251 1954 1282 2016 et
1304 1950 1443 2014 Messala
1466 1949 1600 2028 stabant,

194 2054 327 2119 eausam
344 2055 459 2132 tuetur,
484 2054 645 2117 Maternus
669 2055 775 2117 autem
799 2055 831 2116 et
852 2053 991 2118 Messala
1012 2053 1044 2117 in
1066 2054 1177 2136 primo,
1213 2055 1359 2132 secundo,
1383 2054 1475 2118 tertio
1500 2057 1600 2118 certa-

192 2158 276 2223 mine
298 2160 372 2240 post
393 2158 513 2241 Aprum
537 2159 631 2222 verba
652 2156 801 2221 facientes
826 2158 1009 2236 eandem,
1034 2179 1127 2241 quam
1151 2160 1212 2224 duo
1235 2160 1283 2223 illi
1307 2159 1399 2224 amici
1423 2179 1515 2241 saepe
1537 2160 1600 2224 iam

194 2263 403 2341 defenderant,
427 2282 554 2328 causam
578 2263 719 2326 afferunt.

296 2368 406 2433 Potuit
437 2369 543 2452 itaque
577 2368 714 2445 Tacitus,
760 2369 795 2430 ut
839 2367 1033 2431 satisfaceret
1064 2367 1298 2446 recentioribus,
1350 2368 1533 2433 nominatim
1567 2369 1598 2432 in

192 2472 351 2554 prooemio
374 2473 462 2555 loqui
485 2473 530 2537 sic
547 2472 689 2555 quidem:
705 2491 787 2545 ,cnm
802 2471 894 2554 Aper,
912 2471 1126 2536 'recentiorum
1140 2476 1300 2554 patronus,
1317 2473 1471 2538 diversam
1488 2474 1598 2550 abste,

193 2578 279 2641 Iuste
311 2577 397 2655 Fabi,
430 2576 567 2641 Messala
589 2579 621 2641 et
644 2577 815 2652 Maternus,
847 2576 1045 2658 antiquorum
1070 2577 1256 2655 defensores,
1288 2578 1418 2641 eandem
1450 2578 1505 2641 sed
1527 2597 1599 2660 pro-

191 2676 328 2746 babilem
352 2700 479 2745 calisam
502 2681 665 2745 afferrent?
690 2681 791 2760 Quam
814 2680 1010 2759 senteutiam,
1035 2680 1109 2762 quia
1130 2701 1230 2764 neque
1251 2682 1377 2746 nomina
1393 2681 1424 2745 iu
1440 2682 1598 2764 prooemio

195 2787 258 2850 iam
283 2786 390 2850 afferre
414 2804 513 2867 neque
537 2783 688 2848 iudicium
710 2783 843 2868 legentis
867 2803 1019 2866 occupare
1043 2785 1143 2849 voluit
1164 2825 1208 2832 —
1229 2785 1262 2849 id
1286 2786 1369 2868 quod
1392 2788 1441 2851 vel
1463 2787 1598 2850 maxime

194 2891 355 2956 Tacitinus
388 2909 457 2954 mos
493 2893 524 2954 et
558 2889 749 2954 consuetudo
781 2927 823 2934 —
853 2888 885 2952 in
917 2888 1098 2953 universum
1130 2891 1232 2954 vertit.
1278 2893 1389 2974 ltaque
1424 2891 1598 2977 singuli

192 2995 394 3059 diversas
434 2994 504 3058 vel
547 2993 716 3057 easdem
753 2992 825 3056 sed
861 2993 1118 3075 probabiles
1156 3015 1310 3060 causas
1349 2997 1491 3074 afferunt,
1524 2996 1598 3079 quia

190 3139 233 3148 —-
256 3120 421 3165 nnmemm
443 3099 598 3181 pluralem
620 3101 658 3162 ut
680 3097 842 3180 capiamus
865 3097 1040 3179 -optime
1063 3098 1160 3162 latine
1182 3100 1290 3164 hostes
1314 3120 1374 3165 non
1398 3112 1516 3187 tanqum
1541 3101 1596 3164 sed

193 3215 280 3290 terqa
301 3207 436 3270 vertunt.

295 3310 465 3392 Corruptae
501 3312 605 3374 autem
638 3307 833 3390 eloquentiae
865 3325 976 3371 causae
1007 3307 1066 3370 hoc
1100 3305 1168 3370 loco
1201 3307 1344 3390 scriptori
1367 3309 1455 3373 nulla
1476 3309 1595 3374 ratione

190 3415 335 3496 poterant
358 3412 525 3487 obversari,
551 3412 624 3495 quia
646 3412 678 3476 in
702 3411 805 3476 animo
830 3411 858 3474 ei
882 3414 948 3476 erat
973 3409 1090 3494 dialogi
1114 3413 1348 3487 sermonemita
1362 3413 1536 3492 instituere,
1560 3418 1596 3479 ut

190 3519 361 3601 inquireret
382 3518 479 3600 prius,
503 3519 610 3581 utrum
634 3536 683 3580 ars
708 3515 844 3580 oratoria
866 3515 966 3599 magis
989 3515 1159 3598 expetenda
1175 3518 1258 3580 esset
1275 3536 1312 3580 an
1328 3517 1460 3598 poetica,
1485 3519 1595 3583 deinde

190 3623 379 3688 recentiores
414 3622 563 3687 causidici
598 3643 635 3686 an
671 3621 791 3702 antiqui
825 3622 962 3683 oratores
998 3622 1102 3684 essent
1138 3620 1372 3698 laudabiliores,
1410 3623 1595 3705 priusquam

191 3747 302 3792 causae
327 3730 490 3810 corruptae
514 3726 710 3808 eloquentiae
734 3726 924 3789 afferrentur.
947 3724 1104 3788 Prooemii
1126 3724 1223 3808 igitur
1249 3726 1318 3790 loco
1334 3730 1397 3791 tres
1414 3747 1474 3791 uon
1491 3729 1593 3793 solum

190 3832 416 3915 disputantium
446 3835 561 3914 partes,
593 3831 671 3914 Apri
695 3834 726 3895 et
748 3831 903 3895 Messalae
926 3832 957 3893 et
979 3829 1123 3906 Materni,
1156 3829 1211 3893 sed
1235 3830 1330 3894 etiam
1353 3833 1416 3895 tres
1440 3833 1592 3897 sermonis

188 3936 419 4023 nurneri¹),cap.
444 3936 625 4012 V.-XlH.,
641 3935 895 4011 xvi-XXVI,
911 3934 1182 3998 xxviia-XLI.
1196 3936 1474 4018 comprehendendi
1494 3941 1590 4015 erant,

189 4061 266 4124 quas
289 4061 338 4106 res
363 4041 445 4124 quod
467 4040 559 4104 hodie
584 4040 637 4121 qui
661 4039 830 4124 Dialogum
855 4039 951 4102 edunt
974 4039 1084 4102 nolunt
1107 4039 1376 4120 comprehendere,
1405 4060 1465 4104 nou
1490 4042 1589 4106 Tacit'

188 4147 243 4211 sed
274 4146 479 4229 interpretum
503 4145 595 4227 culpa
618 4148 674 4209 est.
741 4142 828 4207 Artis
852 4142 977 4206 criticae
1010 4145 1059 4206 est
1081 4143 1170 4224 sequi
1193 4143 1385 4227 scriptorem,
1418 4165 1479 4209 non
1502 4166 1591 4229 prae·

188 4252 300 4334 cipere,
324 4250 557 4334 reprehendere,
580 4248 705 4334 ingenio
729 4247 915 4312 coniecturis
938 4247 1110 4332 indulgere.

292 4355 382 4419 Fabii
404 4353 632 4438 percontationi
664 4355 701 4417 ut
734 4352 831 4416 altius
855 4351 1013 4434 quoddam
1035 4352 1217 4435 firmiusque
1240 4353 1479 4418 fundamentum
1503 4355 1590 4419 subi-

188 4464 318 4538 ceretur,
355 4461 393 4523 ab
427 4459 490 4523 imo
528 4457 655 4522 Tacitus
693 4456 868 4521 aedificium
902 4455 1044 4520 extruxit.
1089 4456 1199 4538 Neque
1233 4456 1315 4521 enim
1338 4458 1512 4538 defuerunt,
1537 4459 1590 4541 qni

189 4565 343 4629 diversam
369 4583 491 4646 quoque
513 4565 636 4644 partem
661 4562 856 4644 susciperent
878 4563 910 4624 et
933 4562 1068 4623 aetatem
1091 4578 1180 4623 snam
1213 4560 1420 4638 defenderent,
1457 4582 1590 4643 quorum

187 4669 350 4734 sententiis
376 4668 453 4751 Apri
475 4687 641 4751 personam
665 4664 920 4730 accommodavit.
944 4665 1054 4745 ltaque
1070 4664 1166 4729 Fabio
1189 4665 1221 4727 in
1245 4665 1370 4750 dialogo
1394 4666 1589 4732 adversarius

292 4897 309 4962 1)
328 4893 438 4948 Numeri
462 4892 660 4947 aBernhardio
689 4893 716 4944 et
734 4889 898 4943 Andresenio
927 4888 961 4942 ad
989 4906 1094 4958 pugnae
1121 4890 1298 4958 palaestricae
1322 4892 1421 4961 gradus
1440 4893 1585 4947 secundum

186 4980 298 5047 Quintil.
318 4998 466 5034 sermonem
485 4980 644 5033 referuntur.
656 4978 752 5031 Nescio
764 4995 797 5030 an
810 4978 905 5030 melius
925 4993 1067 5045 sequamur
1085 4977 1200 5030 Tacitini
1218 4979 1347 5032 sermonis
1367 4980 1586 5035 cousuetudinem

185 5071 265 5137 atque
284 5069 368 5122 totius
387 5068 505 5138 eorporis
516 5067 645 5121 serruonis
663 5070 716 5119 tres
735 5065 866 5118 sectiones
884 5065 1080 5133 intellegamus,
1105 5064 1302 5118 ne-redondeut
1315 5083 1346 5119 ea
1359 5083 1426 5135 quaa
1440 5070 1587 5137 sequuntur

184 5165 285 5212 servato
315 5159 407 5210 ordine
437 5159 626 5222 disputationis.
663 5152 739 5208 Conf.
759 5152 819 5205 Tac.
838 5152 901 5220 Agr.
921 5168 977 5220 cap.
999 5151 1039 5204 18.
1066 5152 1137 5205 Hist.
1155 5152 1177 5205 I.
1196 5168 1254 5222 cap.
1272 5155 1296 5207 6.
1316 5154 1358 5207 87.
1376 5156 1473 5209 Annal.
1490 5155 1526 5208 Π.
1544 5155 1587 5209 80,
