3564 5646
817 338 972 392 *32-

294 547 365 613 Alio
391 568 512 631 quoqne
536 549 653 635 dialogi
675 551 745 614 loco
769 549 888 631 aliquid
910 549 999 614 nobis
1022 548 1138 614 vidisse
1161 548 1353 615 videbamur.
1379 549 1453 633 Cap.
1477 551 1516 616 X.
1540 552 1593 618 45.

298 651 380 716 Tolle
401 655 498 738 iqitur
520 656 632 739 quietis
655 664 681 716 et
703 656 878 718 securitatis
901 657 1132 732 saturationem,
1150 677 1219 717 crem
1237 655 1296 718 tibi
1316 678 1423 719 sumas
1446 654 1594 721 adversa-

191 757 275 819 riam
297 761 502 843 superiorem:
525 759 613 822 uobis
634 762 712 822 satis
733 761 775 822 sit
792 761 940 845 privatas
962 770 991 822 ct
1005 760 1108 822 nostri
1128 758 1245 822 saeculi
1257 763 1481 824 controversias
1503 764 1593 839 tueri,

190 861 358 945 inquibus
391 867 546 948 capressis
569 866 599 926 si
619 867 742 948 quoodo
764 887 880 927 neeesse
912 866 952 926 sit
973 887 1032 949 pro
1053 862 1248 949 periclitante
1269 865 1366 926 amico
1386 865 1593 950 potentiorum

190 990 283 1029 aar-es
304 967 463 1052 offerrdere,
488 980 515 1031 et
535 969 669 1053 probata
691 970 731 1030 sit
743 969 826 1051 ficies
849 979 876 1030 et
899 968 1025 1032 libertas
1048 978 1204 1032 eaertsata.

292 1071 417 1153 Lipsius
441 1073 660 1137 adnotaverat:
685 1073 726 1150 ,in
751 1072 863 1154 quibus
906 1073 1057 1155 expressit
1091 1073 1118 1137 si
1152 1074 1274 1155 quando
1309 1073 1501 1152 necessitas',
1546 1074 1596 1138 oni

191 1176 353 1258 respondit
374 1177 567 1241 Brotierius:
602 1177 808 1254 ,Probabilius
833 1177 878 1242 tl.
904 1177 941 1240 de
964 1178 995 1241 la
1018 1178 1174 1260 Monnoye
1208 1183 1364 1262 expressis
1396 1178 1542 1242 mutabat
1564 1179 1596 1244 in

193 1281 400 1362 ,exp1·essius'.
424 1281 562 1364 Vulgata
597 1281 751 1363 scriptura
779 1282 904 1346 retineri
936 1283 1061 1364 potest'.
1109 1282 1225 1346 Melius
1257 1282 1438 1348 Acidalius:
1476 1294 1618 1360 ,vocem'

189 1388 345 1470 repressis
379 1405 439 1449 non
464 1386 551 1468 capio
576 1386 663 1464 satis,
698 1406 754 1450 nec
778 1386 853 1468 quid
877 1406 912 1450 ea
934 1387 1056 1462 faciam,
1088 1387 1174 1451 scio?
1211 1387 1486 1453 Arecentioribns
1520 1387 1597 1452 haee

188 1510 246 1554 von
268 1490 378 1554 relicta
401 1494 458 1568 est,
483 1491 665 1575 languidum
685 1491 844 1575 Wagneri,
869 1490 952 1572 qnod
973 1492 1146 1573 proposuit,
1172 1492 1391 1574 ,exponendis'.

293 1595 408 1659 Mirum
419 1615 524 1677 prope,
539 1595 621 1676 quod
637 1615 727 1659 nemo
741 1596 840 1659 adhuc
853 1596 986 1660 coniecit
998 1597 1246 1679 experiendis,
1262 1597 1294 1660 id
1310 1598 1392 1678 quod
1408 1599 1596 1663 necessitate

114 1746 115 1751 η
192 1698 325 1780 quadam
345 1699 487 1782 erigitur.
512 1701 674 1763 Maternus
698 1699 779 1762 enim
803 1699 913 1777 in'eis,
939 1720 1016 1782 qnae
1032 1704 1213 1782 sequuntur,
1237 1703 1428 1785 respondens
1451 1703 1499 1767 bis
1519 1704 1597 1786 Apri

190 1803 292 1867 verbis
317 1803 393 1867 dicit
416 1823 481 1884 cap.
505 1803 591 1867 XIII.
617 1805 678 1867 24:
713 1828 766 1866 arec
789 1803 939 1892 lubricum
953 1806 1065 1889 forum
1088 1810 1242 1890 reperiar.
1267 1807 1425 1888 Frequens
1448 1807 1507 1871 hoc
1530 1828 1595 1872 ver-

189 1908 264 1971 bum
291 1907 323 1971 in
350 1907 495 1991 dialogo:
532 1927 598 1989 cap.
623 1907 677 1971 IX.
701 1911 840 1991 caperis-i
861 1932 952 1971 sicam
975 1908 1190 1974 liberalitatem
1225 1930 1291 1992 cap.
1316 1910 1459 1975 XXXIV.
1483 1912 1595 1974 ‹alsae-

185 2013 298 2097 sactus
323 2012 435 2075 relicui-s·
457 2014 671 2098 asperimontis
694 2032 760 2095 cap.
776 2013 919 2078 XXXIX.
935 2038 1044 2077 curam
1066 2025 1093 2076 ct
1116 2017 1303 2078 ebrietatem
1325 2015 1392 2078 stili
1405 2018 1595 2079 contrariam

193 2119 371 2202 experimur
382 2117 466 2181 Hist.
490 2117 543 2181 IV.
556 2119 618 2181 42:
642 2116 738 2180 asellis
760 2117 989 2203 desolationibus
1013 2129 1181 2204 emperiam.
1199 2121 1285 2183 Haec
1301 2120 1399 2204 igitur
1416 2120 1597 2185 coniectura

191 2223 268 2286 mihi
292 2223 418 2304 quidem
442 2225 526 2286 certa
550 2225 607 2287 est.

290 2327 442 2391 Venimus
477 2328 516 2390 ad
538 2327 652 2405 locum,
689 2347 781 2409 quem
817 2327 889 2405 ,iam
911 2328 1126 2393 insanabilem'
1165 2329 1287 2393 notavit
1308 2328 1467 2408 Halmius,
1503 2349 1596 2411 quem

187 2433 288 2497 sanari
311 2451 403 2514 posse
422 2427 476 2496 'vel
499 2433 632 2495 manime
656 2432 787 2496 confido.
811 2432 893 2496 Dial.
918 2452 984 2514 cap.
1008 2434 1092 2498 XXI.
1119 2436 1146 2498 l.

291 2537 440 2623 Equidem
467 2537 597 2622 fatebor
627 2536 711 2599 cobis
744 2535 924 2622 simpliciter·
955 2561 1003 2600 mc
1025 2540 1059 2601 ia
1094 2539 1279 2623 qaibusslam
1314 2540 1514 2624 (antiquorum
1536 2540 1592 2602 oisc

187 2644 296 2722 risum,
319 2645 353 2705 ia
376 2642 563 2726 quibasdam
585 2653 687 2704 aretem
709 2643 764 2703 cia
786 2664 923 2704 somatum
949 2652 1054 2705 terame.
1085 2666 1137 2705 acc
1159 2666 1255 2707 alutem
1277 2643 1314 2705 cle
1334 2643 1452 2728 populi
1478 2642 1596 2706 Cremuti

188 2757 243 2809 aat
265 2745 335 2809 Atti
356 2748 393 2810 ale
409 2747 528 2809 Furnio
551 2756 578 2808 et
596 2743 730 2810 Corauio
753 2749 866 2831 qrriqrcc
890 2746 967 2809 alios
990 2749 1025 2810 in
1047 2747 1149 2809 eodem
1172 2746 1401 2810 orrletuclinaaio
1423 2750 1497 2810 bace
1521 2769 1592 2810 ossa

190 2863 218 2915 et
239 2854 319 2915 lianc
340 2853 466 2913 arariam
486 2851 630 2936 probunt.
754 2853 758 2862 '
1374 2863 1376 2866 ·

290 2958 338 3021 Ne
361 2957 475 3041 longus
508 2957 576 3033 sim,
601 2957 720 3040 largam
754 2957 935 3038 opinionum
959 2960 1097 3042 segetem
1133 2961 1164 3022 et
1187 2960 1308 3022 vastam
1344 2956 1593 3020 coniecturarum

188 3062 385 3146 farraginem,
411 3081 489 3143 quae
512 3061 703 3143 prodierunt,
728 3080 788 3125 non
812 3061 1019 3144 perlustrabo,
1043 3062 1178 3126 Acidalii
1201 3061 1289 3126 illam
1313 3064 1419 3125 notam
1443 3060 1594 3142 repetisse

187 3169 375 3230 contentus:
402 3166 467 3243 ,Ait
505 3163 661 3250 (Tacitus)
687 3185 720 3229 se
754 3185 814 3230 non
838 3167 975 3248 aliquem
998 3167 1090 3232 vilem
1126 3170 1159 3231 et
1180 3166 1341 3251 vulgarem
1376 3185 1411 3229 ex
1434 3166 1592 3230 vetustate

188 3273 344 3335 oratorem
359 3271 391 3334 in
409 3269 585 3351 enernplum
602 3269 781 3349 allatumm,
797 3272 844 3335 nti
860 3273 942 3335 bunc
965 3272 1130 3350 velillum,
1154 3273 1183 3335 in
1209 3272 1322 3353 quibus
1345 3270 1445 3334 multa
1468 3288 1592 3351 carpere

184 3375 294 3457 possit,
333 3376 389 3439 sed
420 3375 524 3457 ipsum
549 3374 678 3439 Calvum
701 3374 782 3438 inter
815 3376 970 3458 principes
994 3377 1214 3459 antiquorum'.
1246 3376 1332 3457 Quae
1356 3375 1459 3457 opinio
1483 3377 1520 3438 ut
1544 3377 1593 3438 est

187 3480 314 3562 optima,
339 3480 384 3543 lta
407 3477 542 3543 Acidalii
566 3479 654 3557 duae,
691 3500 768 3561 quas
792 3481 925 3562 protulit
949 3482 1145 3545 coniecturae
1169 3481 1255 3559 ,haec
1278 3500 1350 3546 ossa
1373 3483 1405 3544 et
1425 3480 1506 3544 hanc
1528 3499 1592 3543 ma-

188 3585 265 3650 ciem
290 3585 435 3667 produnt'
459 3583 509 3648 vel
541 3584 702 3665 ,quosdam
727 3584 808 3650 altos
832 3586 862 3649 in
887 3586 997 3650 eodem
1018 3584 1244 3649 valetudinario
1267 3586 1344 3649 haec
1368 3604 1439 3649 ossa
1462 3586 1494 3647 et
1515 3584 1592 3649 haec

183 3690 300 3754 macies
322 3689 466 3771 probant'
501 3688 628 3752 minime
652 3689 858 3753 satisfaciunt.
893 3690 1063 3754 Pithoeus:
1101 3691 1160 3769 ,hic
1183 3691 1272 3754 locus
1307 3689 1457 3754 asterisco
1490 3688 1591 3753 notari

188 3795 316 3859 debuit!
340 3793 533 3858 Brotierius:
559 3793 656 3871 ,locus
679 3795 791 3858 misere
816 3796 999 3876 corruptus’.

287 3899 331 3962 nt
354 3899 403 3962 bic
427 3898 513 3962 locus
536 3898 664 3961 minime
688 3899 898 3981 desperandus
931 3903 986 3964 est.
1020 3900 1124 3963 Primo
1149 3899 1212 3962 iam
1236 3899 1348 3963 obtutu
1363 3897 1445 3962 illud
1463 3896 1590 3978 quidem

184 4004 385 4086 perspicuum
409 4006 456 4067 est
472 4004 572 4067 notari
587 4004 646 4068 hoc
670 4005 740 4068 loco
765 4004 918 4069 eiusmodi
935 4008 1073 4068 oratores
1090 4003 1289 4085 antiquiores,
1315 4004 1376 4086 qui,
1402 4002 1590 4091 Ciceronis')

185 4109 337 4173 verbani
361 4109 535 4187 afferamus
560 4131 620 4171 aou
644 4119 706 4171 taur
730 4109 854 4171 trabitur
880 4111 1016 4194 cor-psoris
1039 4110 1156 4192 opsiaros
1178 4131 1272 4192 quam
1292 4107 1483 4194 gracilitates
1516 4132 1583 4173 cou-

183 4223 334 4276 sectentur
369 4236 502 4297 quosque
543 4213 695 4298 qrcaeclom
732 4214 855 4277 dicendi
884 4216 1003 4299 ,iscuerit
1034 4213 1191 4276 subtilitas
1224 4224 1251 4275 et
1283 4215 1416 4276 tenuitas
1455 4212 1587 4276 delectet.

183 4319 251 4384 Uno
276 4318 427 4382 vocabalo
451 4320 486 4382 ut
509 4318 764 4399 complectamur,
791 4321 938 4382 notantnr
961 4322 1108 4397 oratores,
1134 4319 1390 4403 quistr·r]qosiores
1404 4327 1463 4380 toto
1479 4318 1589 4380 babitu

182 4422 340 4500 Attico,
366 4422 449 4504 quod
461 4422 613 4502 dicebant,
637 4442 750 4505 genere
774 4423 896 4488 dicendi
919 4423 1090 4507 gaudentes
1114 4427 1146 4487 et
1169 4443 1236 4487 esse
1260 4425 1291 4486 et
1314 4422 1422 4487 haberi
1441 4422 1590 4486 volebant

183 4527 334 4594 Attici.
380 4529 450 4591 Hoc
474 4531 556 4592 certe
581 4530 740 4592 oratorum
762 4547 860 4612 genus
885 4528 1077 4611 significatur
1101 4527 1219 4610 dialogi
1242 4527 1343 4592 verbis
1367 4527 1440 4588 baec
1462 4547 1533 4588 ossa
1555 4535 1582 4586 et

183 4634 262 4697 baac
284 4634 420 4695 maciem.
453 4633 632 4697 Atticorum
655 4635 737 4698 enim
761 4637 836 4713 erat,
861 4637 897 4697 ut
919 4633 1069 4715 scriptum
1086 4632 1228 4697 videmus
1245 4631 1309 4696 Cic.
1326 4632 1414 4695 Brut.
1429 4630 1529 4694 XVII.
1548 4631 1589 4694 68

186 4739 299 4826 Lysiae
333 4748 360 4801 et
396 4737 578 4822 Hyperidae
602 4757 696 4803 ossa
718 4749 847 4814 turriam,
871 4760 934 4802 aon
956 4738 1136 4822 sauguinem
1157 4738 1288 4800 imitari.
1335 4735 1588 4815 Quamobrem

185 4865 246 4910 non
271 4843 453 4921 errabimus,
477 4843 614 4925 primum
638 4843 664 4906 si
687 4843 718 4907 in
743 4844 885 4909 codicum
909 4843 1063 4924 scriptura
1085 4842 1177 4906 Atti
1200 4841 1251 4905 vel
1273 4840 1371 4904 Acti
1405 4839 1590 4905 Latinorum

183 4953 342 5016 oratorum
368 4967 420 5013 eos
446 4947 610 5014 denotatos
633 4948 814 5027 viderimus,
839 4949 892 5034 qui
914 4947 1118 5014 imitabantur
1140 4945 1273 5013 Atticos.
1307 4943 1392 5028 Quae
1415 4963 1464 5009 res
1487 4943 1591 5031 magis

278 5195 298 5257 1)
318 5190 373 5243 Cic.
388 5189 464 5242 Brut.
483 5190 557 5243 XVI.
581 5190 623 5245 64.
