3564 5646
810 319 967 372 --ar-

183 529 278 593 tacite
310 529 434 607 transit,
467 549 546 611 quae
571 529 644 611 quia
667 529 825 611 utrimque
850 532 881 593 et
905 549 940 593 ex
957 529 1117 611 agentium
1141 530 1172 592 et
1188 548 1224 592 ex
1238 528 1455 610 imperitorum
1471 528 1586 593 iudicio

185 633 352 696 examinari
374 633 625 715 potuit—illud
649 633 750 711 dulce,
774 634 833 697 hoc
855 632 1060 697 honorificum
1082 632 1236 696 —torma
1258 634 1381 696 mutata
1403 633 1466 696 iam
1489 633 1589 697 evasit

187 739 317 800 leonaste
339 738 493 823 uoluptas.
518 738 680 802 Sententia
703 741 834 816 servata,
858 739 957 802 forma
979 738 1123 821 neglecta
1146 739 1203 801 est.

289 843 393 925 Atque
416 862 454 907 ne
478 843 548 924 quis
570 843 652 906 illud
676 842 778 907 Ovidii

489 947 527 1010 In
550 971 630 1011 riooa
643 949 713 1032 fert
738 949 861 1010 anirnus
883 957 1021 1010 oculatas
1044 947 1141 1010 dicere
1158 949 1281 1030 forneus

284 1050 389 1132 inepte
406 1070 462 1114 nos
478 1051 509 1114 in
526 1052 670 1115 Tacitum
686 1051 886 1116 transtulisse
911 1053 1087 1130 contendat,
1112 1052 1185 1134 quia
1213 1052 1383 1116 statuimus
1407 1053 1587 1138 diffinientem

189 1156 252 1219 iam
282 1158 382 1219 forma
415 1158 538 1219 mutata
567 1156 634 1219 fieri
656 1156 844 1240 volreptaten
867 1159 1029 1235 troesenen,
1054 1158 1195 1238 exempla
1218 1156 1530 1238 repraesentabimus.

273 1259 498 1322 Securitas
522 1260 630 1324 Tacito
656 1262 705 1324 est
726 1262 901 1322 securitatis
923 1283 1031 1323 sensus
1055 1260 1119 1324 sive
1134 1260 1265 1341 fiducia.
1289 1261 1374 1325 Hist.
1399 1260 1422 1323 I.
1455 1262 1514 1326 51:
1538 1261 1592 1323 seat

184 1364 328 1450 plurima
353 1365 394 1428 ad
407 1364 587 1449 „inpendere
610 1363 849 1450 credendumque
875 1367 1016 1426 niataies
1039 1366 1071 1428 in
1094 1364 1172 1449 ipsis
1194 1370 1314 1440 castris,
1350 1365 1428 1445 odio,
1452 1375 1532 1428 neetu
1555 1376 1590 1442 et,

188 1478 222 1531 ut
244 1470 326 1531 vires
355 1492 430 1530 suas
461 1479 671 1553 respexerant,
695 1471 938 1534 securitate.
970 1469 1046 1533 Hist
1068 1469 1108 1533 ll.
1135 1471 1192 1533 12:
1227 1467 1319 1533 Pleni
1350 1472 1428 1554 apri,
1465 1480 1593 1555 apertae

189 1573 305 1651 doneas,
347 1583 536 1636 occursantes
566 1574 685 1636 dometii
712 1575 802 1635 iunia
833 1576 971 1658 coniuges
1003 1585 1031 1636 ct
1054 1574 1164 1636 liberos
1195 1576 1425 1637 securitate
1453 1577 1543 1660 pacis
1566 1585 1593 1638 et

188 1677 262 1740 beili
282 1677 362 1739 nuato
384 1677 704 1740 circunroeru'ebantur.

193 1854 196 1858 .
274 1782 486 1845 Modestia
514 1782 622 1846 Tacito
648 1785 696 1846 est
718 1782 811 1855 idem,
836 1783 919 1864 qnod
951 1781 1140 1863 infirmitatis
1160 1787 1324 1866 persuasio
1347 1782 1459 1846 Annei.
1484 1783 1507 1847 Ι.
1536 1783 1588 1847 ll:

189 1885 231 1948 Et
253 1886 306 1948 itte
328 1892 415 1949 uarie
438 1886 615 1964 disserebat,
639 1886 675 1948 de
697 1887 907 1970 rnaqnitudae'ne
930 1887 1065 1970 imperii,
1089 1909 1148 1947 sua
1170 1886 1381 1950 modestia.

275 1991 469 2075 Dignitatem
500 1991 606 2074 igitur,
638 2008 716 2072 quae
741 1991 875 2054 secundo
899 1989 1064 2072 positionis
1096 1991 1165 2054 loco
1199 1993 1256 2068 est,
1289 1991 1351 2055 iam
1382 1992 1426 2056 ita
1459 1992 1594 2073 explicat

188 2095 326 2173 Tacitus,
340 2097 377 2158 ut
387 2115 453 2176 cap.
466 2095 518 2159 Vl.
530 2098 688 2159 oratorum
697 2096 808 2158 domus
821 2094 1011 2176 splendidas,
1025 2098 1204 2179 togatorum
1216 2096 1383 2161 comitatus
1394 2099 1426 2160 et
1437 2117 1594 2180 egressus,

187 2200 219 2263 in
241 2200 365 2264 iudiciis
389 2201 620 2264 venerationem
644 2201 814 2278 enumeret,
845 2220 906 2283 qua
930 2200 1082 2282 dignitate
1107 2201 1179 2282 quia
1194 2202 1317 2264 iruntur
1339 2201 1400 2283 ipsi
1419 2202 1472 2283 qui
1496 2204 1595 2285 agunt

188 2307 309 2368 mutato
330 2304 481 2368 vocabulo
497 2304 602 2385 potuit
617 2304 721 2368 vocari
736 2303 879 2388 satrapias
893 2306 1025 2366 honesta.
1043 2305 1222 2387 Sequuntur
1232 2326 1298 2388 cap.
1311 2306 1379 2369 VH.
1397 2309 1593 2388 quaesturae,

190 2409 377 2486 tribunatus
402 2411 575 2490 praeturae,
600 2410 653 2492 qui
677 2410 880 2493 magistratus
904 2408 987 2472 sicut
1009 2409 1142 2473 honores
1166 2409 1269 2473 vocari
1291 2413 1445 2492 poterant,
1468 2410 1515 2474 ita
1539 2411 1594 2494 eis,

191 2513 244 2594 qui
267 2515 415 2577 sunteas
440 2514 554 2596 adepti,
579 2517 611 2578 et
633 2515 822 2600 uoluptatem
845 2515 978 2577 atterunt
994 2517 1025 2578 et
1041 2515 1227 2598 dignitatern.
1252 2515 1300 2578 Ne
1327 2514 1425 2598 igitur
1448 2515 1595 2579 dividatis

190 2638 235 2695 ea,
260 2637 338 2700 quae
363 2618 491 2682 Tacitus
515 2619 702 2682 conciliavit.

276 2722 477 2803 Tripartitam
490 2723 640 2787 habemus
657 2723 911 2804 dispositionem:
929 2723 1101 2800 utilitatem,
1117 2724 1305 2807 dipriitatenv,
1319 2723 1452 2807 pluriam
1464 2725 1596 2806 (flaciani

189 2837 215 2889 et
238 2827 401 2911 notitiam),
435 2847 513 2909 quae
536 2828 709 2910 antiquitus
732 2828 850 2893 usitata
872 2829 1021 2910 probatur
1045 2830 1077 2891 et
1099 2827 1176 2910 Apri
1199 2829 1349 2900 clausula,
1379 2847 1458 2910 quae
1481 2829 1597 2912 legitur

193 2952 258 3013 cap.
268 2932 363 2995 VIlI:
387 2932 447 2993 His
460 2934 553 3017 igitur
566 2943 592 2994 et
607 2934 771 2996 liquoribus
783 2944 809 2996 et
821 2937 1008 2997 ornamentis
1024 2943 1051 2995 et
1053 2932 1265 3015 facilitatibus
1279 2935 1310 2996 et
1322 2933 1595 3014 comprehensione

190 3038 246 3101 illa
270 3036 436 3119 aequabili,
465 3057 544 3118 qnae
568 3038 725 3102 antecedit
742 3062 858 3122 parere
880 3039 974 3101 siracti
995 3050 1021 3101 et
1048 3044 1132 3101 tueri
1161 3041 1323 3115 areticitias,
1358 3039 1524 3101 eedsciscerc
1547 3062 1595 3100 ne

190 3142 397 3218 cessitndines,
436 3142 591 3227 correptet-ti
624 3145 814 3226 provincias.
861 3143 1001 3221 Accedit,
1043 3145 1127 3226 qnod
1165 3143 1282 3225 optime
1320 3143 1352 3206 in
1391 3143 1595 3224 dispositione

190 3246 376 3330 generaliter
398 3247 557 3329 proposita
580 3247 699 3310 utilitas
723 3247 922 3331 coniungitur
945 3267 1016 3311 curn
1029 3249 1187 3332 dignitate.
1213 3248 1389 3312 Stoicorum
1406 3247 1488 3311 enim
1504 3248 1594 3310 vetus

192 3353 242 3415 est
262 3351 461 3414 institutum:
485 3351 637 3435 quidquid
659 3353 819 3414 honestant
840 3363 891 3429 est,
926 3353 1005 3415 idere
1027 3353 1101 3415 utile
1125 3376 1176 3415 uec
1198 3354 1272 3415 alite
1303 3353 1480 3437 quidquam,
1514 3351 1595 3436 quod

195 3479 255 3518 non
278 3458 435 3518 honestans
464 3455 526 3520 eie.
552 3456 589 3519 de
613 3456 664 3519 off.
695 3456 752 3519 ΙΙΙ.
776 3458 805 3533 4,
830 3456 881 3519 20.
912 3456 1006 3519 utilia
1037 3459 1168 3520 honestis
1200 3457 1331 3521 miscere
1363 3457 1435 3520 Tac.
1466 3456 1540 3538 Agr.
1565 3456 1594 3519 8.

191 3559 384 3622 incolumitas
407 3583 443 3621 ac
464 3559 553 3621 decies
576 3560 650 3643 Agr.
675 3563 726 3624 33.
761 3560 846 3640 Quae
878 3561 904 3625 si
936 3563 1020 3625 recte
1051 3561 1288 3642 disputavimus,
1322 3561 1385 3624 iam
1413 3563 1470 3625 sub
1501 3560 1596 3622 finem

194 3664 305 3745 capitis
329 3663 488 3745 sequentis
513 3664 591 3727 duae
615 3665 754 3742 lacunae,
779 3685 858 3746 quae
881 3685 1040 3747 nunquam
1062 3666 1158 3729 fuisse
1178 3665 1331 3743 videntur,
1357 3665 1496 3748 expletae
1512 3665 1595 3727 sunt.

297 3768 379 3831 Dial.
405 3788 471 3850 cap.
494 3768 548 3832 Vl.
573 3771 624 3833 25.

293 3872 356 3934 sed
378 3873 595 3958 enteniporalis
620 3873 772 3939 andaciae
796 3883 885 3957 atque
908 3875 1010 3956 ipsius
1023 3873 1204 3933 temeritatis
1227 3871 1273 3934 oet
1292 3874 1466 3958 praecipua
1489 3876 1595 3936 iracun-

193 3976 276 4038 ditas
299 3987 361 4056 est;
384 4000 456 4040 narn
478 3979 599 4061 ingenio
621 4001 746 4062 quoqne,
769 3979 847 4039 sicut
870 3978 903 4038 in
933 4000 1015 4061 apro,
1040 3999 1226 4061 quamquam
1260 3975 1326 4038 alia
1360 3977 1417 4038 dia
1451 3987 1596 4040 serantur

194 4091 285 4164 atque
308 4080 512 4159 elaborentur,
534 4083 676 4166 gratiora
698 4092 800 4143 tannen
823 4104 902 4165 quae
923 4104 982 4143 ssia
1005 4091 1110 4165 sponte
1132 4089 1311 4142 nascuntur.

298 4184 440 4248 Tacitina
463 4187 511 4248 est
534 4186 608 4248 haec
631 4185 761 4249 variatio
784 4185 839 4263 ita,
864 4188 900 4249 ut
923 4185 1114 4250 neAeidalio
1149 4185 1276 4267 quidem
1307 4186 1448 4249 credam:
1474 4186 1595 4264 insere,

194 4313 268 4352 viera
290 4289 321 4352 in
345 4289 484 4374 inperito.
517 4289 638 4372 Quippe
661 4291 781 4374 inperio
804 4291 887 4371 apud
911 4291 1055 4355 Tacitum
1079 4293 1127 4354 est
1142 4309 1234 4354 casus
1251 4291 1384 4368 dativus,
1409 4290 1462 4373 qui
1479 4291 1597 4354 deside-

194 4397 281 4458 ratur
304 4394 376 4458 huic
400 4394 582 4457 sententiae.
606 4395 717 4476 Neque
740 4393 822 4457 enim
846 4394 1050 4472 audientium,
1073 4395 1169 4459 immo
1194 4395 1363 4459 dicentium
1388 4398 1420 4459 et
1435 4397 1596 4478 agentium

196 4502 315 4564 secreta
338 4498 451 4582 gaudia
475 4498 688 4579 exprimuntur
711 4498 756 4561 sic
780 4498 915 4580 quidem,
947 4502 983 4563 ut
1012 4500 1054 4563 sit
1085 4518 1215 4563 sensus:
1247 4499 1431 4563 Dicentibus
1463 4500 1489 4563 si
1521 4500 1597 4581 quid

196 4603 415 4686 extemporalis
447 4621 610 4666 successus
642 4601 687 4665 ita
722 4603 834 4680 evenit,
867 4605 904 4666 ut
936 4605 1025 4666 deam
1048 4614 1118 4666 tiene
1140 4602 1309 4688 adfuisse)
1345 4606 1466 4684 putent,
1502 4604 1597 4667 etiam

196 4709 312 4774 maiore
336 4707 514 4771 afficiuntur
537 4706 668 4782 laetitia,
697 4707 779 4770 sicut
802 4706 929 4770 colonos
952 4707 1052 4789 magis
1075 4707 1162 4770 iuvat
1182 4709 1322 4790 spectare
1342 4727 1486 4790 agrorum
1497 4709 1598 4771 laetas

198 4815 320 4896 segetes
343 4813 447 4874 minus
471 4811 523 4874 diu
551 4811 790 4874 elaboratorum.
822 4811 931 4892 Neque
963 4811 1044 4874 eninr
1075 4811 1186 4874 ltaliae
1219 4811 1322 4875 coloni
1354 4832 1425 4875 cum
1455 4813 1598 4878 ubertate

198 4917 258 4982 soli
281 4917 386 4980 labore
410 4913 678 5001 contendentis).

196 5033 404 5042 ————--———

306 5076 323 5141 ¹)
344 5071 456 5137 Quintil.
475 5070 507 5122 X.
528 5071 551 5135 7,
573 5071 613 5123 14.

304 5161 324 5232 ²)
346 5160 407 5214 Tac.
427 5158 515 5214 Germ.
535 5175 557 5212 c.
575 5159 617 5215 26.
