<?xml version="1.0" encoding="UTF-8"?>
<!DOCTYPE html PUBLIC "-//W3C//DTD XHTML 1.0 Transitional//EN"
    "http://www.w3.org/TR/xhtml1/DTD/xhtml1-transitional.dtd">
<html xmlns="http://www.w3.org/1999/xhtml" xml:lang="en" lang="en">
 <head>
  <title>
</title>
<meta http-equiv="Content-Type" content="text/html;charset=utf-8" />
  <meta name='ocr-system' content='tesseract 3.04.00' />
  <meta name='ocr-capabilities' content='ocr_page ocr_carea ocr_par ocr_line ocrx_word'/>
</head>
<body>
  <div class='ocr_page' id='page_1' title='image "./dialogitacitini00philgoog_0035.png"; bbox 0 0 3564 5646; ppageno 0'>
   <div class='ocr_carea' id='block_1_1' title="bbox 813 316 966 369">
    <p class='ocr_par' dir='ltr' id='par_1_1' title="bbox 813 316 966 369">
     <span class='ocr_line' id='line_1_1' title="bbox 813 316 966 369; baseline 0 -15"><span class='ocrx_word' id='word_1_1' title='bbox 813 316 966 369; x_wconf 69' lang='grc'>..30-</span> 
     </span>
    </p>
   </div>
   <div class='ocr_carea' id='block_1_2' title="bbox 186 525 1596 1131">
    <p class='ocr_par' dir='ltr' id='par_1_2' title="bbox 187 525 1596 713">
     <span class='ocr_line' id='line_1_2' title="bbox 187 525 1596 611; baseline 0.006 -24"><span class='ocrx_word' id='word_1_2' title='bbox 187 525 271 589; x_wconf 88' lang='grc'>99919</span> <span class='ocrx_word' id='word_1_3' title='bbox 296 526 389 590; x_wconf 89' lang='lat' dir='ltr'><em>verba</em></span> <span class='ocrx_word' id='word_1_4' title='bbox 420 527 582 590; x_wconf 85' lang='lat' dir='ltr'><em>rnntuatns</em></span> <span class='ocrx_word' id='word_1_5' title='bbox 612 526 832 590; x_wconf 82' lang='grc'>9911991999</span> <span class='ocrx_word' id='word_1_6' title='bbox 856 527 1004 606; x_wconf 82' lang='lat' dir='ltr'>Messala,</span> <span class='ocrx_word' id='word_1_7' title='bbox 1037 529 1070 592; x_wconf 93' lang='lat' dir='ltr'><em>id</em></span> <span class='ocrx_word' id='word_1_8' title='bbox 1093 528 1176 610; x_wconf 91' lang='lat' dir='ltr'><em>quod</em></span> <span class='ocrx_word' id='word_1_9' title='bbox 1207 531 1336 611; x_wconf 86' lang='lat' dir='ltr'><em>apparet</em></span> <span class='ocrx_word' id='word_1_10' title='bbox 1357 529 1415 594; x_wconf 90' lang='lat' dir='ltr'><em>hac</em></span> <span class='ocrx_word' id='word_1_11' title='bbox 1439 530 1540 595; x_wconf 82' lang='lat' dir='ltr'><em>Taciti</em></span> <span class='ocrx_word' id='word_1_12' title='bbox 1564 533 1596 595; x_wconf 90' lang='grc'><em>91</em></span> 
     </span>
     <span class='ocr_line' id='line_1_3' title="bbox 189 629 973 713; baseline 0.003 -20"><span class='ocrx_word' id='word_1_13' title='bbox 189 629 346 694; x_wconf 79' lang='lat' dir='ltr'>Ciceronis</span> <span class='ocrx_word' id='word_1_14' title='bbox 370 629 586 694; x_wconf 89' lang='lat' dir='ltr'><em>similitudine.</em></span> <span class='ocrx_word' id='word_1_15' title='bbox 610 630 692 695; x_wconf 88' lang='lat' dir='ltr'><em>Dial.</em></span> <span class='ocrx_word' id='word_1_16' title='bbox 717 650 784 713; x_wconf 87' lang='lat' dir='ltr'><em>cap.</em></span> <span class='ocrx_word' id='word_1_17' title='bbox 808 631 923 695; x_wconf 84' lang='lat' dir='ltr'>XXXI.</span> <span class='ocrx_word' id='word_1_18' title='bbox 948 632 973 696; x_wconf 90' lang='grc' dir='ltr'><em>Ι.</em></span> 
     </span>
    </p>

    <p class='ocr_par' dir='ltr' id='par_1_3' title="bbox 186 750 1595 1131">
     <span class='ocr_line' id='line_1_4' title="bbox 292 750 1595 844; baseline 0.006 -31"><span class='ocrx_word' id='word_1_19' title='bbox 292 751 359 814; x_wconf 88' lang='grc' dir='ltr'><em>Η99</em></span> <span class='ocrx_word' id='word_1_20' title='bbox 382 750 445 814; x_wconf 81' lang='lat' dir='ltr'><em>sibi</em></span> <span class='ocrx_word' id='word_1_21' title='bbox 464 751 515 814; x_wconf 86' lang='lat' dir='ltr'><em>illi</em></span> <span class='ocrx_word' id='word_1_22' title='bbox 535 761 648 815; x_wconf 82' lang='lat' dir='ltr'><em>ueteres</em></span> <span class='ocrx_word' id='word_1_23' title='bbox 666 763 899 838; x_wconf 77' lang='lat' dir='ltr'><em>persuaserunt,</em></span> <span class='ocrx_word' id='word_1_24' title='bbox 924 754 967 816; x_wconf 89' lang='lat' dir='ltr'><em>ad</em></span> <span class='ocrx_word' id='word_1_25' title='bbox 993 755 1046 816; x_wconf 85' lang='lat' dir='ltr'><em>bec</em></span> <span class='ocrx_word' id='word_1_26' title='bbox 1069 755 1260 841; x_wconf 78' lang='lat' dir='ltr'><em>efficiendum</em></span> <span class='ocrx_word' id='word_1_27' title='bbox 1282 755 1492 842; x_wconf 82' lang='lat' dir='ltr'><em>intelleqebant</em></span> <span class='ocrx_word' id='word_1_28' title='bbox 1517 781 1595 844; x_wconf 82' lang='lat' dir='ltr'><em>epus</em></span> 
     </span>
     <span class='ocr_line' id='line_1_5' title="bbox 189 856 1594 940; baseline 0.004 -20"><span class='ocrx_word' id='word_1_29' title='bbox 189 880 260 935; x_wconf 80' lang='lat' dir='ltr'><em>esse,</em></span> <span class='ocrx_word' id='word_1_30' title='bbox 297 879 357 920; x_wconf 90' lang='lat' dir='ltr'><em>non</em></span> <span class='ocrx_word' id='word_1_31' title='bbox 379 866 414 919; x_wconf 88' lang='lat' dir='ltr'><em>ut</em></span> <span class='ocrx_word' id='word_1_32' title='bbox 435 861 469 920; x_wconf 90' lang='lat' dir='ltr'><em>in</em></span> <span class='ocrx_word' id='word_1_33' title='bbox 491 857 650 920; x_wconf 74' lang='lat' dir='ltr'><em>rhetorum</em></span> <span class='ocrx_word' id='word_1_34' title='bbox 672 856 782 920; x_wconf 83' lang='lat' dir='ltr'><em>sobolis</em></span> <span class='ocrx_word' id='word_1_35' title='bbox 805 856 1019 936; x_wconf 67' lang='lat' dir='ltr'><em>declamarem,</em></span> <span class='ocrx_word' id='word_1_36' title='bbox 1053 881 1105 924; x_wconf 91' lang='lat' dir='ltr'><em>nec</em></span> <span class='ocrx_word' id='word_1_37' title='bbox 1128 868 1161 921; x_wconf 91' lang='lat' dir='ltr'><em>ut</em></span> <span class='ocrx_word' id='word_1_38' title='bbox 1174 859 1259 940; x_wconf 79' lang='lat' dir='ltr'><em>fictis</em></span> <span class='ocrx_word' id='word_1_39' title='bbox 1281 862 1493 924; x_wconf 81' lang='lat' dir='ltr'><em>controversiis</em></span> <span class='ocrx_word' id='word_1_40' title='bbox 1516 861 1550 924; x_wconf 87' lang='lat' dir='ltr'><em>li</em></span> <span class='ocrx_word' id='word_1_41' title='bbox 1560 885 1594 926; x_wconf 90' lang='lat' dir='ltr'><em>n-</em></span> 
     </span>
     <span class='ocr_line' id='line_1_6' title="bbox 186 961 1595 1051; baseline 0.004 -27"><span class='ocrx_word' id='word_1_42' title='bbox 186 986 313 1047; x_wconf 79' lang='lat' dir='ltr'><em>quam</em></span> <span class='ocrx_word' id='word_1_43' title='bbox 341 961 429 1024; x_wconf 76' lang='lat' dir='ltr'><em>niodo</em></span> <span class='ocrx_word' id='word_1_44' title='bbox 459 971 486 1023; x_wconf 92' lang='grc'><em>91</em></span> <span class='ocrx_word' id='word_1_45' title='bbox 508 983 605 1024; x_wconf 86' lang='lat' dir='ltr'><em>uocem</em></span> <span class='ocrx_word' id='word_1_46' title='bbox 635 971 892 1039; x_wconf 84' lang='lat' dir='ltr'><em>ercereerent,</em></span> <span class='ocrx_word' id='word_1_47' title='bbox 926 961 978 1023; x_wconf 82' lang='lat' dir='ltr'><em>sed</em></span> <span class='ocrx_word' id='word_1_48' title='bbox 1010 972 1044 1025; x_wconf 88' lang='lat' dir='ltr'><em>nt</em></span> <span class='ocrx_word' id='word_1_49' title='bbox 1078 964 1118 1024; x_wconf 80' lang='lat' dir='ltr'><em>iis</em></span> <span class='ocrx_word' id='word_1_50' title='bbox 1143 963 1430 1048; x_wconf 83' lang='lat' dir='ltr'><em>artibuspectue</em></span> <span class='ocrx_word' id='word_1_51' title='bbox 1453 964 1595 1051; x_wconf 87' lang='lat' dir='ltr'><em>imple·</em></span> 
     </span>
     <span class='ocr_line' id='line_1_7' title="bbox 188 1077 401 1131; baseline -0.005 0"><span class='ocrx_word' id='word_1_52' title='bbox 188 1077 281 1131; x_wconf 92' lang='lat' dir='ltr'><em>rent</em></span> <span class='ocrx_word' id='word_1_53' title='bbox 294 1117 401 1130; x_wconf 92' lang='grc'><strong>.....</strong></span> 
     </span>
    </p>
   </div>
   <div class='ocr_carea' id='block_1_3' title="bbox 671 1170 1120 1236">
    <p class='ocr_par' dir='ltr' id='par_1_4' title="bbox 671 1170 1120 1236">
     <span class='ocr_line' id='line_1_8' title="bbox 671 1170 1120 1236; baseline 0 -1"><span class='ocrx_word' id='word_1_54' title='bbox 671 1171 734 1235; x_wconf 88' lang='lat' dir='ltr'><em>Cic.</em></span> <span class='ocrx_word' id='word_1_55' title='bbox 760 1170 797 1234; x_wconf 90' lang='lat' dir='ltr'><em>de</em></span> <span class='ocrx_word' id='word_1_56' title='bbox 822 1190 865 1236; x_wconf 92' lang='lat' dir='ltr'><em>or.</em></span> <span class='ocrx_word' id='word_1_57' title='bbox 889 1171 946 1236; x_wconf 91' lang='grc'>111.</span> <span class='ocrx_word' id='word_1_58' title='bbox 971 1173 1023 1236; x_wconf 85' lang='lat'><em>29.</em></span> <span class='ocrx_word' id='word_1_59' title='bbox 1049 1173 1120 1236; x_wconf 86' lang='lat'>121.</span> 
     </span>
    </p>
   </div>
   <div class='ocr_carea' id='block_1_4' title="bbox 182 1275 1596 1777">
    <p class='ocr_par' dir='ltr' id='par_1_5' title="bbox 182 1275 1596 1777">
     <span class='ocr_line' id='line_1_9' title="bbox 297 1275 1596 1362; baseline 0.003 -25"><span class='ocrx_word' id='word_1_60' title='bbox 297 1275 371 1339; x_wconf 91' lang='lat' dir='ltr'><em>Non</em></span> <span class='ocrx_word' id='word_1_61' title='bbox 394 1277 473 1338; x_wconf 89' lang='lat' dir='ltr'><em>enim</em></span> <span class='ocrx_word' id='word_1_62' title='bbox 495 1275 593 1340; x_wconf 80' lang='lat' dir='ltr'><em>soleam</em></span> <span class='ocrx_word' id='word_1_63' title='bbox 617 1275 758 1339; x_wconf 79' lang='lat' dir='ltr'><em>uertenda</em></span> <span class='ocrx_word' id='word_1_64' title='bbox 780 1277 865 1338; x_wconf 82' lang='lat' dir='ltr'><em>nobie</em></span> <span class='ocrx_word' id='word_1_65' title='bbox 880 1299 976 1361; x_wconf 88' lang='lat' dir='ltr'><em>neque</em></span> <span class='ocrx_word' id='word_1_66' title='bbox 994 1276 1273 1361; x_wconf 77' lang='lat' dir='ltr'><em>procudenda</em></span> <span class='ocrx_word' id='word_1_67' title='bbox 1298 1276 1444 1362; x_wconf 78' lang='lat' dir='ltr'><em>linqua</em></span> <span class='ocrx_word' id='word_1_68' title='bbox 1467 1288 1519 1356; x_wconf 80' lang='lat' dir='ltr'><em>eet,</em></span> <span class='ocrx_word' id='word_1_69' title='bbox 1543 1279 1596 1342; x_wconf 85' lang='lat' dir='ltr'><em>sed</em></span> 
     </span>
     <span class='ocr_line' id='line_1_10' title="bbox 188 1379 1596 1465; baseline 0.001 -23"><span class='ocrx_word' id='word_1_70' title='bbox 188 1380 379 1444; x_wconf 89' lang='lat' dir='ltr'><em>onerandum</em></span> <span class='ocrx_word' id='word_1_71' title='bbox 412 1379 758 1465; x_wconf 76' lang='lat' dir='ltr'><em>complendumque</em></span> <span class='ocrx_word' id='word_1_72' title='bbox 786 1391 916 1465; x_wconf 81' lang='lat' dir='ltr'><em>pectus</em></span> <span class='ocrx_word' id='word_1_73' title='bbox 948 1383 1159 1443; x_wconf 74' lang='lat' dir='ltr'><em>ercammarum</em></span> <span class='ocrx_word' id='word_1_74' title='bbox 1192 1404 1296 1443; x_wconf 89' lang='lat' dir='ltr'><em>rerum</em></span> <span class='ocrx_word' id='word_1_75' title='bbox 1323 1392 1350 1443; x_wconf 90' lang='lat' dir='ltr'><em>et</em></span> <span class='ocrx_word' id='word_1_76' title='bbox 1381 1381 1596 1465; x_wconf 88' lang='lat' dir='ltr'><em>plurimarum</em></span> 
     </span>
     <span class='ocr_line' id='line_1_11' title="bbox 188 1482 1595 1569; baseline 0.003 -23"><span class='ocrx_word' id='word_1_77' title='bbox 188 1486 350 1560; x_wconf 78' lang='lat' dir='ltr'><em>errauitute,</em></span> <span class='ocrx_word' id='word_1_78' title='bbox 366 1486 466 1568; x_wconf 89' lang='lat' dir='ltr'><em>copia,</em></span> <span class='ocrx_word' id='word_1_79' title='bbox 483 1487 644 1547; x_wconf 87' lang='lat' dir='ltr'><em>uarietate.</em></span> <span class='ocrx_word' id='word_1_80' title='bbox 669 1482 789 1546; x_wconf 83' lang='lat' dir='ltr'><em>Nostra</em></span> <span class='ocrx_word' id='word_1_81' title='bbox 805 1495 849 1547; x_wconf 84' lang='lat' dir='ltr'><em>eet</em></span> <span class='ocrx_word' id='word_1_82' title='bbox 866 1486 946 1547; x_wconf 89' lang='lat' dir='ltr'><em>enim</em></span> <span class='ocrx_word' id='word_1_83' title='bbox 964 1484 1007 1569; x_wconf 83' lang='lat' dir='ltr'><em>(si</em></span> <span class='ocrx_word' id='word_1_84' title='bbox 1027 1485 1116 1547; x_wconf 92' lang='lat' dir='ltr'><em>mode</em></span> <span class='ocrx_word' id='word_1_85' title='bbox 1133 1507 1186 1547; x_wconf 84' lang='lat' dir='ltr'><em>nos</em></span> <span class='ocrx_word' id='word_1_86' title='bbox 1210 1495 1357 1564; x_wconf 77' lang='lat' dir='ltr'><em>oratores,</em></span> <span class='ocrx_word' id='word_1_87' title='bbox 1381 1488 1458 1548; x_wconf 79' lang='lat' dir='ltr'><em>siin</em></span> <span class='ocrx_word' id='word_1_88' title='bbox 1482 1489 1595 1550; x_wconf 84' lang='lat' dir='ltr'><em>civium</em></span> 
     </span>
     <span class='ocr_line' id='line_1_12' title="bbox 188 1578 1596 1674; baseline 0.001 -23"><span class='ocrx_word' id='word_1_89' title='bbox 188 1588 469 1674; x_wconf 83' lang='lat' dir='ltr'><em>disceptationibus,</em></span> <span class='ocrx_word' id='word_1_90' title='bbox 493 1589 523 1648; x_wconf 87' lang='lat' dir='ltr'><em>si</em></span> <span class='ocrx_word' id='word_1_91' title='bbox 543 1590 576 1650; x_wconf 89' lang='lat' dir='ltr'><em>in</em></span> <span class='ocrx_word' id='word_1_92' title='bbox 595 1586 755 1672; x_wconf 82' lang='lat' dir='ltr'><em>periculis,</em></span> <span class='ocrx_word' id='word_1_93' title='bbox 780 1590 809 1648; x_wconf 81' lang='lat' dir='ltr'><em>si</em></span> <span class='ocrx_word' id='word_1_94' title='bbox 830 1590 863 1650; x_wconf 91' lang='lat' dir='ltr'><em>in</em></span> <span class='ocrx_word' id='word_1_95' title='bbox 886 1587 1158 1651; x_wconf 70' lang='lat' dir='ltr'><em>deliberationibus</em></span> <span class='ocrx_word' id='word_1_96' title='bbox 1178 1590 1311 1674; x_wconf 80' lang='lat' dir='ltr'><em>publicis</em></span> <span class='ocrx_word' id='word_1_97' title='bbox 1334 1578 1503 1654; x_wconf 76' lang='lat' dir='ltr'><em>adnitendi</em></span> <span class='ocrx_word' id='word_1_98' title='bbox 1524 1614 1596 1654; x_wconf 76' lang='lat' dir='ltr'><em>accc·</em></span> 
     </span>
     <span class='ocr_line' id='line_1_13' title="bbox 182 1683 715 1777; baseline 0.004 -23"><span class='ocrx_word' id='word_1_99' title='bbox 182 1683 267 1756; x_wconf 71' lang='lat' dir='ltr'><em>vtores</em></span> <span class='ocrx_word' id='word_1_100' title='bbox 290 1693 422 1777; x_wconf 80' lang='lat' dir='ltr'><em>sunaus),</em></span> <span class='ocrx_word' id='word_1_101' title='bbox 446 1702 552 1756; x_wconf 74' lang='lat' dir='ltr'><em>anostra</em></span> <span class='ocrx_word' id='word_1_102' title='bbox 575 1702 689 1754; x_wconf 83' lang='grc'>991...</span> <span class='ocrx_word' id='word_1_103' title='bbox 709 1745 715 1756; x_wconf 86' lang='grc'><strong>.</strong></span> 
     </span>
    </p>
   </div>
   <div class='ocr_carea' id='block_1_5' title="bbox 189 1813 1601 5240">
    <p class='ocr_par' dir='ltr' id='par_1_6' title="bbox 189 1813 1599 2526">
     <span class='ocr_line' id='line_1_14' title="bbox 293 1813 1597 1897; baseline 0.002 -19"><span class='ocrx_word' id='word_1_104' title='bbox 293 1814 457 1878; x_wconf 86' lang='lat' dir='ltr'><em>Neminem</em></span> <span class='ocrx_word' id='word_1_105' title='bbox 480 1815 587 1897; x_wconf 84' lang='lat' dir='ltr'><em>fugere</em></span> <span class='ocrx_word' id='word_1_106' title='bbox 610 1816 717 1896; x_wconf 89' lang='lat' dir='ltr'><em>petest</em></span> <span class='ocrx_word' id='word_1_107' title='bbox 739 1815 820 1877; x_wconf 86' lang='lat' dir='ltr'><em>lnnrc</em></span> <span class='ocrx_word' id='word_1_108' title='bbox 838 1814 1072 1879; x_wconf 79' lang='lat' dir='ltr'><em>Ciceronianam</em></span> <span class='ocrx_word' id='word_1_109' title='bbox 1096 1813 1201 1877; x_wconf 85' lang='grc'>199999</span> <span class='ocrx_word' id='word_1_110' title='bbox 1225 1817 1296 1878; x_wconf 87' lang='grc'>9919</span> <span class='ocrx_word' id='word_1_111' title='bbox 1321 1815 1427 1880; x_wconf 92' lang='grc'>999199</span> <span class='ocrx_word' id='word_1_112' title='bbox 1450 1816 1597 1881; x_wconf 89' lang='lat' dir='ltr'><em>habuisse</em></span> 
     </span>
     <span class='ocr_line' id='line_1_15' title="bbox 193 1917 1599 2002; baseline 0.001 -19"><span class='ocrx_word' id='word_1_113' title='bbox 193 1920 295 1984; x_wconf 81' lang='lat' dir='ltr'><em>Taciti</em></span> <span class='ocrx_word' id='word_1_114' title='bbox 318 1919 498 1997; x_wconf 87' lang='lat' dir='ltr'><em>Messalam,</em></span> <span class='ocrx_word' id='word_1_115' title='bbox 522 1938 613 1983; x_wconf 90' lang='lat' dir='ltr'><em>nemo</em></span> <span class='ocrx_word' id='word_1_116' title='bbox 636 1937 696 1982; x_wconf 90' lang='grc'><em>999</em></span> <span class='ocrx_word' id='word_1_117' title='bbox 719 1919 805 1983; x_wconf 90' lang='lat' dir='ltr'><em>videt</em></span> <span class='ocrx_word' id='word_1_118' title='bbox 828 1917 888 1981; x_wconf 75' lang='lat' dir='ltr'><em>elno</em></span> <span class='ocrx_word' id='word_1_119' title='bbox 907 1920 1031 1982; x_wconf 88' lang='lat' dir='ltr'><em>tantum</em></span> <span class='ocrx_word' id='word_1_120' title='bbox 1054 1939 1166 2002; x_wconf 84' lang='lat' dir='ltr'><em>genera</em></span> <span class='ocrx_word' id='word_1_121' title='bbox 1189 1921 1374 1999; x_wconf 90' lang='lat' dir='ltr'><em>orationum,</em></span> <span class='ocrx_word' id='word_1_122' title='bbox 1398 1920 1543 1985; x_wconf 89' lang='lat' dir='ltr'><em>iudiciale</em></span> <span class='ocrx_word' id='word_1_123' title='bbox 1567 1924 1599 1985; x_wconf 91' lang='grc'><em>91</em></span> 
     </span>
     <span class='ocr_line' id='line_1_16' title="bbox 191 2023 1598 2108; baseline 0.001 -20"><span class='ocrx_word' id='word_1_124' title='bbox 191 2024 439 2102; x_wconf 87' lang='lat' dir='ltr'><em>deliberativum,</em></span> <span class='ocrx_word' id='word_1_125' title='bbox 464 2023 546 2105; x_wconf 89' lang='lat' dir='ltr'><em>apud</em></span> <span class='ocrx_word' id='word_1_126' title='bbox 563 2023 741 2087; x_wconf 81' lang='lat' dir='ltr'><em>Ciceronem</em></span> <span class='ocrx_word' id='word_1_127' title='bbox 759 2043 927 2088; x_wconf 82' lang='lat' dir='ltr'><em>occrurere.</em></span> <span class='ocrx_word' id='word_1_128' title='bbox 953 2024 1035 2105; x_wconf 78' lang='lat' dir='ltr'><em>Quid</em></span> <span class='ocrx_word' id='word_1_129' title='bbox 1057 2025 1155 2108; x_wconf 85' lang='lat' dir='ltr'><em>igitur</em></span> <span class='ocrx_word' id='word_1_130' title='bbox 1170 2025 1272 2108; x_wconf 84' lang='lat' dir='ltr'><em>magis</em></span> <span class='ocrx_word' id='word_1_131' title='bbox 1295 2025 1360 2090; x_wconf 85' lang='grc'>9991</span> <span class='ocrx_word' id='word_1_132' title='bbox 1384 2025 1486 2089; x_wconf 90' lang='lat' dir='ltr'><em>simile</em></span> <span class='ocrx_word' id='word_1_133' title='bbox 1504 2045 1598 2106; x_wconf 88' lang='lat' dir='ltr'><em>quam</em></span> 
     </span>
     <span class='ocr_line' id='line_1_17' title="bbox 189 2129 1597 2212; baseline 0.001 -20"><span class='ocrx_word' id='word_1_134' title='bbox 189 2129 278 2206; x_wconf 90' lang='lat' dir='ltr'><em>illud,</em></span> <span class='ocrx_word' id='word_1_135' title='bbox 303 2149 320 2192; x_wconf 92' lang='lat' dir='ltr'><em>a</em></span> <span class='ocrx_word' id='word_1_136' title='bbox 343 2129 452 2192; x_wconf 87' lang='lat' dir='ltr'><em>Tacito</em></span> <span class='ocrx_word' id='word_1_137' title='bbox 477 2147 598 2209; x_wconf 92' lang='grc'>999999</span> <span class='ocrx_word' id='word_1_138' title='bbox 629 2129 884 2210; x_wconf 89' lang='lat' dir='ltr'><em>praetermissum</em></span> <span class='ocrx_word' id='word_1_139' title='bbox 909 2148 977 2193; x_wconf 91' lang='grc'>9999</span> <span class='ocrx_word' id='word_1_140' title='bbox 996 2129 1125 2192; x_wconf 89' lang='lat' dir='ltr'><em>tertium</em></span> <span class='ocrx_word' id='word_1_141' title='bbox 1148 2149 1246 2212; x_wconf 76' lang='lat' dir='ltr'><em>genias</em></span> <span class='ocrx_word' id='word_1_142' title='bbox 1269 2129 1511 2194; x_wconf 78' lang='lat' dir='ltr'><em>laudationum?</em></span> <span class='ocrx_word' id='word_1_143' title='bbox 1545 2132 1597 2194; x_wconf 92' lang='grc'><em>19-</em></span> 
     </span>
     <span class='ocr_line' id='line_1_18' title="bbox 191 2232 1598 2316; baseline -0.001 -17"><span class='ocrx_word' id='word_1_144' title='bbox 191 2254 291 2299; x_wconf 88' lang='grc'>999999</span> <span class='ocrx_word' id='word_1_145' title='bbox 306 2237 410 2298; x_wconf 88' lang='lat' dir='ltr'><em>autern</em></span> <span class='ocrx_word' id='word_1_146' title='bbox 426 2233 452 2297; x_wconf 90' lang='lat' dir='ltr'><em>si</em></span> <span class='ocrx_word' id='word_1_147' title='bbox 469 2234 506 2297; x_wconf 92' lang='lat' dir='ltr'><em>de</em></span> <span class='ocrx_word' id='word_1_148' title='bbox 522 2233 676 2296; x_wconf 89' lang='lat' dir='ltr'><em>industria</em></span> <span class='ocrx_word' id='word_1_149' title='bbox 699 2232 796 2311; x_wconf 88' lang='lat' dir='ltr'><em>voles,</em></span> <span class='ocrx_word' id='word_1_150' title='bbox 821 2233 927 2298; x_wconf 83' lang='lat' dir='ltr'><em>Ursini</em></span> <span class='ocrx_word' id='word_1_151' title='bbox 950 2236 982 2296; x_wconf 89' lang='grc'><em>91</em></span> <span class='ocrx_word' id='word_1_152' title='bbox 1004 2234 1120 2298; x_wconf 88' lang='grc' dir='ltr'>Μ99911</span> <span class='ocrx_word' id='word_1_153' title='bbox 1137 2234 1390 2316; x_wconf 89' lang='lat' dir='ltr'><em>supplementum</em></span> <span class='ocrx_word' id='word_1_154' title='bbox 1406 2234 1598 2298; x_wconf 84' lang='lat' dir='ltr'><em>reiciendum</em></span> 
     </span>
     <span class='ocr_line' id='line_1_19' title="bbox 191 2338 1598 2421; baseline -0.001 -17"><span class='ocrx_word' id='word_1_155' title='bbox 191 2340 258 2416; x_wconf 90' lang='lat' dir='ltr'><em>erit,</em></span> <span class='ocrx_word' id='word_1_156' title='bbox 279 2340 402 2421; x_wconf 91' lang='lat' dir='ltr'><em>quippe,</em></span> <span class='ocrx_word' id='word_1_157' title='bbox 423 2338 456 2401; x_wconf 90' lang='lat' dir='ltr'><em>id</em></span> <span class='ocrx_word' id='word_1_158' title='bbox 481 2338 563 2420; x_wconf 82' lang='lat' dir='ltr'><em>qraod</em></span> <span class='ocrx_word' id='word_1_159' title='bbox 580 2338 778 2415; x_wconf 81' lang='lat' dir='ltr'><em>convicimus,</em></span> <span class='ocrx_word' id='word_1_160' title='bbox 802 2338 831 2401; x_wconf 91' lang='lat' dir='ltr'><em>in</em></span> <span class='ocrx_word' id='word_1_161' title='bbox 857 2338 1261 2403; x_wconf 76' lang='lat' dir='ltr'><em>deliberationibus</em></span> <span class='ocrx_word' id='word_1_162' title='bbox 1286 2339 1331 2402; x_wconf 92' lang='lat' dir='ltr'><em>de</em></span> <span class='ocrx_word' id='word_1_163' title='bbox 1355 2341 1598 2418; x_wconf 88' lang='lat' dir='ltr'><em>honestate,</em></span> 
     </span>
     <span class='ocr_line' id='line_1_20' title="bbox 190 2443 810 2526; baseline -0.002 -18"><span class='ocrx_word' id='word_1_164' title='bbox 190 2446 221 2508; x_wconf 92' lang='grc'><em>19</em></span> <span class='ocrx_word' id='word_1_165' title='bbox 245 2443 476 2508; x_wconf 75' lang='lat' dir='ltr'><em>laudationibus</em></span> <span class='ocrx_word' id='word_1_166' title='bbox 500 2443 538 2507; x_wconf 91' lang='lat' dir='ltr'><em>de</em></span> <span class='ocrx_word' id='word_1_167' title='bbox 561 2443 675 2506; x_wconf 83' lang='lat' dir='ltr'><em>virtute</em></span> <span class='ocrx_word' id='word_1_168' title='bbox 699 2443 810 2526; x_wconf 83' lang='lat' dir='ltr'><em>agitur.</em></span> 
     </span>
    </p>

    <p class='ocr_par' dir='ltr' id='par_1_7' title="bbox 190 2548 1601 3578">
     <span class='ocr_line' id='line_1_21' title="bbox 294 2548 1594 2632; baseline -0.001 -19"><span class='ocrx_word' id='word_1_169' title='bbox 294 2549 354 2614; x_wconf 85' lang='lat' dir='ltr'><em>Sed</em></span> <span class='ocrx_word' id='word_1_170' title='bbox 377 2548 511 2612; x_wconf 87' lang='lat' dir='ltr'><em>vidimus</em></span> <span class='ocrx_word' id='word_1_171' title='bbox 545 2548 607 2610; x_wconf 88' lang='lat' dir='ltr'><em>iarn</em></span> <span class='ocrx_word' id='word_1_172' title='bbox 640 2567 733 2628; x_wconf 90' lang='lat' dir='ltr'><em>qnam</em></span> <span class='ocrx_word' id='word_1_173' title='bbox 769 2549 810 2612; x_wconf 90' lang='lat' dir='ltr'><em>sit</em></span> <span class='ocrx_word' id='word_1_174' title='bbox 843 2548 968 2611; x_wconf 85' lang='lat' dir='ltr'><em>difficile</em></span> <span class='ocrx_word' id='word_1_175' title='bbox 1003 2548 1141 2613; x_wconf 88' lang='lat' dir='ltr'><em>conicere</em></span> <span class='ocrx_word' id='word_1_176' title='bbox 1176 2549 1205 2611; x_wconf 88' lang='lat' dir='ltr'><em>in</em></span> <span class='ocrx_word' id='word_1_177' title='bbox 1231 2548 1366 2632; x_wconf 82' lang='lat' dir='ltr'><em>dialogo.</em></span> <span class='ocrx_word' id='word_1_178' title='bbox 1403 2548 1594 2612; x_wconf 83' lang='lat' dir='ltr'><em>Omittamus</em></span> 
     </span>
     <span class='ocr_line' id='line_1_22' title="bbox 190 2653 1597 2735; baseline 0.001 -19"><span class='ocrx_word' id='word_1_179' title='bbox 190 2653 295 2735; x_wconf 88' lang='lat' dir='ltr'><em>potins</em></span> <span class='ocrx_word' id='word_1_180' title='bbox 320 2653 532 2716; x_wconf 88' lang='lat' dir='ltr'><em>additamenta</em></span> <span class='ocrx_word' id='word_1_181' title='bbox 555 2671 614 2716; x_wconf 89' lang='lat' dir='ltr'><em>nan</em></span> <span class='ocrx_word' id='word_1_182' title='bbox 638 2655 820 2731; x_wconf 79' lang='lat' dir='ltr'><em>necessaria,</em></span> <span class='ocrx_word' id='word_1_183' title='bbox 845 2653 927 2716; x_wconf 89' lang='grc'>91991</span> <span class='ocrx_word' id='word_1_184' title='bbox 950 2673 1043 2734; x_wconf 84' lang='grc'>99999</span> <span class='ocrx_word' id='word_1_185' title='bbox 1067 2653 1173 2718; x_wconf 83' lang='grc'>199911</span> <span class='ocrx_word' id='word_1_186' title='bbox 1196 2654 1313 2718; x_wconf 90' lang='lat' dir='ltr'><em>Cicero.</em></span> <span class='ocrx_word' id='word_1_187' title='bbox 1347 2654 1416 2732; x_wconf 78' lang='lat' dir='ltr'><em>Qua</em></span> <span class='ocrx_word' id='word_1_188' title='bbox 1439 2653 1476 2717; x_wconf 91' lang='lat' dir='ltr'><em>de</em></span> <span class='ocrx_word' id='word_1_189' title='bbox 1501 2672 1597 2717; x_wconf 88' lang='lat' dir='ltr'><em>causa</em></span> 
     </span>
     <span class='ocr_line' id='line_1_23' title="bbox 192 2757 1599 2839; baseline -0.002 -18"><span class='ocrx_word' id='word_1_190' title='bbox 192 2757 310 2835; x_wconf 89' lang='lat' dir='ltr'><em>eodem,</em></span> <span class='ocrx_word' id='word_1_191' title='bbox 344 2775 436 2838; x_wconf 90' lang='lat' dir='ltr'><em>quem</em></span> <span class='ocrx_word' id='word_1_192' title='bbox 469 2757 682 2834; x_wconf 80' lang='lat' dir='ltr'><em>tractavimus,</em></span> <span class='ocrx_word' id='word_1_193' title='bbox 715 2757 784 2821; x_wconf 92' lang='grc'>1999</span> <span class='ocrx_word' id='word_1_194' title='bbox 820 2777 886 2839; x_wconf 88' lang='lat' dir='ltr'><em>cap.</em></span> <span class='ocrx_word' id='word_1_195' title='bbox 912 2759 962 2822; x_wconf 74' lang='lat'><em>81.</em></span> <span class='ocrx_word' id='word_1_196' title='bbox 988 2760 1006 2819; x_wconf 82' lang='lat' dir='ltr'><em>e</em></span> <span class='ocrx_word' id='word_1_197' title='bbox 1030 2776 1129 2839; x_wconf 90' lang='lat' dir='ltr'><em>neque</em></span> <span class='ocrx_word' id='word_1_198' title='bbox 1152 2757 1287 2821; x_wconf 85' lang='lat' dir='ltr'><em>Acidalii</em></span> <span class='ocrx_word' id='word_1_199' title='bbox 1311 2758 1508 2821; x_wconf 88' lang='lat' dir='ltr'><em>coniecturae</em></span> <span class='ocrx_word' id='word_1_200' title='bbox 1543 2759 1599 2836; x_wconf 84' lang='lat' dir='ltr'><em>,itu</em></span> 
     </span>
     <span class='ocr_line' id='line_1_24' title="bbox 191 2860 1598 2944; baseline -0.001 -18"><span class='ocrx_word' id='word_1_201' title='bbox 191 2863 306 2926; x_wconf 81' lang='lat' dir='ltr'><em>tamen&#39;</em></span> <span class='ocrx_word' id='word_1_202' title='bbox 330 2880 431 2942; x_wconf 90' lang='lat' dir='ltr'><em>neque</em></span> <span class='ocrx_word' id='word_1_203' title='bbox 455 2860 608 2942; x_wconf 83' lang='lat' dir='ltr'><em>Schopcni</em></span> <span class='ocrx_word' id='word_1_204' title='bbox 632 2861 850 2942; x_wconf 87' lang='lat' dir='ltr'><em>supplemento</em></span> <span class='ocrx_word' id='word_1_205' title='bbox 876 2861 1400 2944; x_wconf 73' lang='grc'>,199119199911919119919991191999</span> <span class='ocrx_word' id='word_1_206' title='bbox 1426 2862 1598 2941; x_wconf 86' lang='lat' dir='ltr'><em>habuerim,</em></span> 
     </span>
     <span class='ocr_line' id='line_1_25' title="bbox 193 2965 1600 3051; baseline 0 -20"><span class='ocrx_word' id='word_1_207' title='bbox 193 2987 253 3050; x_wconf 90' lang='grc'><em>999</em></span> <span class='ocrx_word' id='word_1_208' title='bbox 277 2969 409 3048; x_wconf 88' lang='lat' dir='ltr'><em>utroque</em></span> <span class='ocrx_word' id='word_1_209' title='bbox 433 2965 646 3030; x_wconf 90' lang='lat' dir='ltr'><em>additamento</em></span> <span class='ocrx_word' id='word_1_210' title='bbox 671 2966 799 3029; x_wconf 86' lang='lat' dir='ltr'><em>Tacitus</em></span> <span class='ocrx_word' id='word_1_211' title='bbox 824 2966 997 3048; x_wconf 82' lang='lat' dir='ltr'><em>expellitur.</em></span> <span class='ocrx_word' id='word_1_212' title='bbox 1023 2967 1205 3050; x_wconf 85' lang='lat' dir='ltr'><em>Zeugmatis</em></span> <span class='ocrx_word' id='word_1_213' title='bbox 1230 2967 1312 3030; x_wconf 88' lang='lat' dir='ltr'><em>enim</em></span> <span class='ocrx_word' id='word_1_214' title='bbox 1333 2967 1468 3051; x_wconf 87' lang='lat' dir='ltr'><em>figuram</em></span> <span class='ocrx_word' id='word_1_215' title='bbox 1494 3005 1536 3012; x_wconf 92' lang='lat'>—</span> <span class='ocrx_word' id='word_1_216' title='bbox 1564 2970 1600 3031; x_wconf 93' lang='grc'><em>91</em></span> 
     </span>
     <span class='ocr_line' id='line_1_26' title="bbox 193 3069 1599 3154; baseline -0.001 -16"><span class='ocrx_word' id='word_1_217' title='bbox 193 3071 368 3153; x_wconf 84' lang='lat' dir='ltr'><em>Schopenio</em></span> <span class='ocrx_word' id='word_1_218' title='bbox 391 3069 634 3151; x_wconf 86' lang='lat' dir='ltr'><em>respondeamus</em></span> <span class='ocrx_word' id='word_1_219' title='bbox 656 3108 689 3115; x_wconf 75' lang='lat'><em>=—</em></span> <span class='ocrx_word' id='word_1_220' title='bbox 710 3071 878 3134; x_wconf 82' lang='lat' dir='ltr'><em>sescenties</em></span> <span class='ocrx_word' id='word_1_221' title='bbox 902 3072 1021 3136; x_wconf 89' lang='lat' dir='ltr'><em>invenis</em></span> <span class='ocrx_word' id='word_1_222' title='bbox 1035 3073 1158 3136; x_wconf 88' lang='lat' dir='ltr'><em>obviam</em></span> <span class='ocrx_word' id='word_1_223' title='bbox 1182 3072 1264 3154; x_wconf 89' lang='lat' dir='ltr'><em>apud</em></span> <span class='ocrx_word' id='word_1_224' title='bbox 1280 3072 1435 3136; x_wconf 86' lang='lat' dir='ltr'><em>Tacitum.</em></span> <span class='ocrx_word' id='word_1_225' title='bbox 1459 3073 1599 3136; x_wconf 87' lang='grc'>11199919</span> 
     </span>
     <span class='ocr_line' id='line_1_27' title="bbox 193 3175 1600 3260; baseline -0.001 -19"><span class='ocrx_word' id='word_1_226' title='bbox 193 3177 318 3259; x_wconf 90' lang='lat' dir='ltr'><em>quidem</em></span> <span class='ocrx_word' id='word_1_227' title='bbox 342 3175 474 3258; x_wconf 89' lang='lat' dir='ltr'><em>scriptor</em></span> <span class='ocrx_word' id='word_1_228' title='bbox 498 3175 657 3239; x_wconf 81' lang='lat' dir='ltr'><em>subiunxit</em></span> <span class='ocrx_word' id='word_1_229' title='bbox 683 3176 818 3240; x_wconf 90' lang='lat' dir='ltr'><em>breviter</em></span> <span class='ocrx_word' id='word_1_230' title='bbox 842 3178 1040 3260; x_wconf 84' lang='lat' dir='ltr'><em>cognovit</em></span> <span class='ocrx_word' id='word_1_231' title='bbox 1063 3187 1210 3240; x_wconf 87' lang='lat' dir='ltr'><em>naturam</em></span> <span class='ocrx_word' id='word_1_232' title='bbox 1234 3179 1404 3241; x_wconf 74' lang='lat' dir='ltr'><em>leonianam</em></span> <span class='ocrx_word' id='word_1_233' title='bbox 1419 3187 1446 3240; x_wconf 87' lang='grc'><em>91</em></span> <span class='ocrx_word' id='word_1_234' title='bbox 1463 3179 1523 3239; x_wconf 86' lang='lat' dir='ltr'><em>eim</em></span> <span class='ocrx_word' id='word_1_235' title='bbox 1538 3179 1600 3239; x_wconf 86' lang='lat' dir='ltr'><em>eir-</em></span> 
     </span>
     <span class='ocr_line' id='line_1_28' title="bbox 192 3281 1601 3366; baseline 0.001 -21"><span class='ocrx_word' id='word_1_236' title='bbox 192 3292 290 3346; x_wconf 89' lang='lat' dir='ltr'><em>tutum</em></span> <span class='ocrx_word' id='word_1_237' title='bbox 321 3283 567 3366; x_wconf 75' lang='lat' dir='ltr'><em>pravitatemque</em></span> <span class='ocrx_word' id='word_1_238' title='bbox 600 3281 745 3342; x_wconf 86' lang='lat' dir='ltr'><em>uitiorum</em></span> <span class='ocrx_word' id='word_1_239' title='bbox 779 3291 816 3343; x_wconf 92' lang='lat' dir='ltr'><em>et</em></span> <span class='ocrx_word' id='word_1_240' title='bbox 853 3281 1113 3345; x_wconf 87' lang='lat' dir='ltr'><em>intellectum</em></span> <span class='ocrx_word' id='word_1_241' title='bbox 1150 3305 1308 3359; x_wconf 78' lang='lat' dir='ltr'><em>eorum,</em></span> <span class='ocrx_word' id='word_1_242' title='bbox 1348 3281 1421 3363; x_wconf 87' lang='lat' dir='ltr'><em>quia</em></span> <span class='ocrx_word' id='word_1_243' title='bbox 1454 3282 1601 3346; x_wconf 83' lang='lat' dir='ltr'><em>dicebant</em></span> 
     </span>
     <span class='ocr_line' id='line_1_29' title="bbox 193 3386 1601 3471; baseline -0.004 -17"><span class='ocrx_word' id='word_1_244' title='bbox 193 3408 312 3471; x_wconf 86' lang='lat' dir='ltr'><em>,capere</em></span> <span class='ocrx_word' id='word_1_245' title='bbox 335 3387 552 3465; x_wconf 82' lang='lat' dir='ltr'><em>intellectnm&#39;,</em></span> <span class='ocrx_word' id='word_1_246' title='bbox 576 3386 609 3449; x_wconf 95' lang='lat' dir='ltr'><em>id</em></span> <span class='ocrx_word' id='word_1_247' title='bbox 632 3386 714 3468; x_wconf 90' lang='lat' dir='ltr'><em>quod</em></span> <span class='ocrx_word' id='word_1_248' title='bbox 730 3387 847 3470; x_wconf 83' lang='lat' dir='ltr'><em>legitur</em></span> <span class='ocrx_word' id='word_1_249' title='bbox 860 3387 989 3466; x_wconf 77' lang='lat' dir='ltr'><em>Qcaintil.</em></span> <span class='ocrx_word' id='word_1_250' title='bbox 1006 3388 1030 3452; x_wconf 93' lang='lat' dir='ltr'><em>I.</em></span> <span class='ocrx_word' id='word_1_251' title='bbox 1057 3389 1154 3465; x_wconf 87' lang='lat'><em>1,15.</em></span> <span class='ocrx_word' id='word_1_252' title='bbox 1179 3387 1232 3452; x_wconf 82' lang='lat' dir='ltr'><em>Sin</em></span> <span class='ocrx_word' id='word_1_253' title='bbox 1249 3386 1442 3451; x_wconf 83' lang='grc'>99919999919</span> <span class='ocrx_word' id='word_1_254' title='bbox 1465 3387 1601 3470; x_wconf 84' lang='lat' dir='ltr'><em>coqneoit</em></span> 
     </span>
     <span class='ocr_line' id='line_1_30' title="bbox 192 3491 1360 3578; baseline 0 -22"><span class='ocrx_word' id='word_1_255' title='bbox 192 3505 339 3557; x_wconf 85' lang='lat' dir='ltr'><em>natarum</em></span> <span class='ocrx_word' id='word_1_256' title='bbox 364 3504 391 3556; x_wconf 90' lang='lat' dir='ltr'><em>et</em></span> <span class='ocrx_word' id='word_1_257' title='bbox 414 3491 524 3578; x_wconf 80' lang='lat' dir='ltr'><em>(cepit)</em></span> <span class='ocrx_word' id='word_1_258' title='bbox 548 3491 738 3568; x_wconf 85' lang='lat' dir='ltr'><em>intellectum,</em></span> <span class='ocrx_word' id='word_1_259' title='bbox 764 3510 894 3574; x_wconf 83' lang='lat' dir='ltr'><em>neugma</em></span> <span class='ocrx_word' id='word_1_260' title='bbox 918 3492 1095 3555; x_wconf 87' lang='lat' dir='ltr'><em>Tacitinum</em></span> <span class='ocrx_word' id='word_1_261' title='bbox 1117 3493 1180 3555; x_wconf 91' lang='lat' dir='ltr'><em>iarn</em></span> <span class='ocrx_word' id='word_1_262' title='bbox 1202 3492 1360 3574; x_wconf 86' lang='lat' dir='ltr'><em>probabis.</em></span> 
     </span>
    </p>

    <p class='ocr_par' dir='ltr' id='par_1_8' title="bbox 192 3596 1601 3783">
     <span class='ocr_line' id='line_1_31' title="bbox 299 3596 1601 3680; baseline -0.002 -18"><span class='ocrx_word' id='word_1_263' title='bbox 299 3598 428 3680; x_wconf 82' lang='lat' dir='ltr'><em>Expulit</em></span> <span class='ocrx_word' id='word_1_264' title='bbox 460 3598 644 3680; x_wconf 89' lang='lat' dir='ltr'><em>scriptorem</em></span> <span class='ocrx_word' id='word_1_265' title='bbox 688 3597 797 3660; x_wconf 89' lang='lat' dir='ltr'><em>eadem</em></span> <span class='ocrx_word' id='word_1_266' title='bbox 827 3597 859 3660; x_wconf 95' lang='lat' dir='ltr'><em>in</em></span> <span class='ocrx_word' id='word_1_267' title='bbox 892 3616 958 3678; x_wconf 89' lang='lat' dir='ltr'><em>cap.</em></span> <span class='ocrx_word' id='word_1_268' title='bbox 981 3596 1096 3660; x_wconf 89' lang='lat' dir='ltr'>XXXI.</span> <span class='ocrx_word' id='word_1_269' title='bbox 1120 3597 1245 3660; x_wconf 86' lang='lat' dir='ltr'><em>Melser.</em></span> <span class='ocrx_word' id='word_1_270' title='bbox 1281 3596 1361 3661; x_wconf 90' lang='lat' dir='ltr'><em>Vere</em></span> <span class='ocrx_word' id='word_1_271' title='bbox 1385 3596 1527 3660; x_wconf 81' lang='lat' dir='ltr'><em>Tacitina</em></span> <span class='ocrx_word' id='word_1_272' title='bbox 1551 3598 1601 3661; x_wconf 92' lang='lat' dir='ltr'><em>est</em></span> 
     </span>
     <span class='ocr_line' id='line_1_32' title="bbox 192 3699 1175 3783; baseline -0.004 -15"><span class='ocrx_word' id='word_1_273' title='bbox 192 3705 270 3768; x_wconf 87' lang='lat' dir='ltr'><em>hacc</em></span> <span class='ocrx_word' id='word_1_274' title='bbox 293 3704 445 3769; x_wconf 90' lang='lat' dir='ltr'><em>librorum</em></span> <span class='ocrx_word' id='word_1_275' title='bbox 468 3702 623 3767; x_wconf 90' lang='lat' dir='ltr'><em>sententia</em></span> <span class='ocrx_word' id='word_1_276' title='bbox 648 3704 680 3765; x_wconf 89' lang='lat' dir='ltr'><em>ct</em></span> <span class='ocrx_word' id='word_1_277' title='bbox 703 3702 857 3783; x_wconf 87' lang='lat' dir='ltr'><em>scriptura</em></span> <span class='ocrx_word' id='word_1_278' title='bbox 879 3699 961 3765; x_wconf 89' lang='lat' dir='ltr'><em>Dial.</em></span> <span class='ocrx_word' id='word_1_279' title='bbox 985 3701 1099 3765; x_wconf 89' lang='lat' dir='ltr'>XXXI.</span> <span class='ocrx_word' id='word_1_280' title='bbox 1124 3703 1175 3764; x_wconf 84' lang='lat'><em>35.</em></span> 
     </span>
    </p>

    <p class='ocr_par' dir='ltr' id='par_1_9' title="bbox 190 3805 1599 3995">
     <span class='ocr_line' id='line_1_33' title="bbox 296 3805 1599 3892; baseline -0.003 -22"><span class='ocrx_word' id='word_1_281' title='bbox 296 3808 440 3871; x_wconf 86' lang='lat' dir='ltr'><em>Incidunt</em></span> <span class='ocrx_word' id='word_1_282' title='bbox 473 3809 552 3870; x_wconf 87' lang='lat' dir='ltr'><em>enim</em></span> <span class='ocrx_word' id='word_1_283' title='bbox 574 3829 695 3886; x_wconf 77' lang='lat' dir='ltr'><em>caccone,</em></span> <span class='ocrx_word' id='word_1_284' title='bbox 726 3805 887 3892; x_wconf 83' lang='lat' dir='ltr'><em>plurimae</em></span> <span class='ocrx_word' id='word_1_285' title='bbox 920 3805 1042 3889; x_wconf 88' lang='lat' dir='ltr'><em>quidem</em></span> <span class='ocrx_word' id='word_1_286' title='bbox 1065 3830 1102 3869; x_wconf 89' lang='lat' dir='ltr'><em>ac</em></span> <span class='ocrx_word' id='word_1_287' title='bbox 1120 3828 1221 3891; x_wconf 89' lang='lat' dir='ltr'><em>paene</em></span> <span class='ocrx_word' id='word_1_288' title='bbox 1243 3828 1353 3885; x_wconf 33' lang='lat' dir='ltr'><em>onatnee,</em></span> <span class='ocrx_word' id='word_1_289' title='bbox 1383 3805 1494 3890; x_wconf 78' lang='lat' dir='ltr'><em>quibus</em></span> <span class='ocrx_word' id='word_1_290' title='bbox 1516 3805 1599 3867; x_wconf 80' lang='lat' dir='ltr'><em>iuris</em></span> 
     </span>
     <span class='ocr_line' id='line_1_34' title="bbox 190 3909 1598 3995; baseline -0.004 -21"><span class='ocrx_word' id='word_1_291' title='bbox 190 3914 300 3974; x_wconf 88' lang='lat' dir='ltr'><em>notitia</em></span> <span class='ocrx_word' id='word_1_292' title='bbox 319 3911 525 3990; x_wconf 81' lang='lat' dir='ltr'><em>desideratur,</em></span> <span class='ocrx_word' id='word_1_293' title='bbox 544 3910 710 3995; x_wconf 85' lang='lat' dir='ltr'><em>pleraeque</em></span> <span class='ocrx_word' id='word_1_294' title='bbox 725 3920 834 3986; x_wconf 79' lang='lat' dir='ltr'><em>autent,</em></span> <span class='ocrx_word' id='word_1_295' title='bbox 859 3910 1017 3995; x_wconf 81' lang='lat' dir='ltr'><em>inquibus</em></span> <span class='ocrx_word' id='word_1_296' title='bbox 1041 3912 1115 3973; x_wconf 86' lang='lat' dir='ltr'><em>baec</em></span> <span class='ocrx_word' id='word_1_297' title='bbox 1129 3932 1246 3994; x_wconf 89' lang='lat' dir='ltr'><em>quoque</em></span> <span class='ocrx_word' id='word_1_298' title='bbox 1269 3911 1396 3973; x_wconf 81' lang='lat' dir='ltr'><em>scientia</em></span> <span class='ocrx_word' id='word_1_299' title='bbox 1414 3909 1598 3994; x_wconf 83' lang='lat' dir='ltr'><em>requiritur.</em></span> 
     </span>
    </p>

    <p class='ocr_par' dir='ltr' id='par_1_10' title="bbox 192 4012 1601 4396">
     <span class='ocr_line' id='line_1_35' title="bbox 295 4012 1600 4098; baseline -0.004 -18"><span class='ocrx_word' id='word_1_300' title='bbox 295 4016 457 4080; x_wconf 92' lang='grc' dir='ltr'>Η991999</span> <span class='ocrx_word' id='word_1_301' title='bbox 483 4016 534 4097; x_wconf 91' lang='grc'><em>991</em></span> <span class='ocrx_word' id='word_1_302' title='bbox 558 4016 737 4080; x_wconf 80' lang='lat' dir='ltr'><em>Ciceronem</em></span> <span class='ocrx_word' id='word_1_303' title='bbox 760 4015 846 4080; x_wconf 89' lang='lat' dir='ltr'><em>volet</em></span> <span class='ocrx_word' id='word_1_304' title='bbox 869 4013 1042 4093; x_wconf 85' lang='lat' dir='ltr'><em>defendere,</em></span> <span class='ocrx_word' id='word_1_305' title='bbox 1066 4016 1092 4079; x_wconf 92' lang='lat' dir='ltr'><em>is</em></span> <span class='ocrx_word' id='word_1_306' title='bbox 1117 4015 1308 4080; x_wconf 87' lang='lat' dir='ltr'><em>desiderabit</em></span> <span class='ocrx_word' id='word_1_307' title='bbox 1332 4015 1371 4093; x_wconf 91' lang='lat' dir='ltr'><em>,in</em></span> <span class='ocrx_word' id='word_1_308' title='bbox 1395 4012 1600 4098; x_wconf 68' lang='grc'>9911999199·-</span> 
     </span>
     <span class='ocr_line' id='line_1_36' title="bbox 192 4117 1601 4203; baseline -0.003 -18"><span class='ocrx_word' id='word_1_309' title='bbox 192 4122 339 4200; x_wconf 62' lang='lat' dir='ltr'><em>deretur,</em></span> <span class='ocrx_word' id='word_1_310' title='bbox 365 4122 417 4203; x_wconf 88' lang='lat' dir='ltr'><em>qui</em></span> <span class='ocrx_word' id='word_1_311' title='bbox 433 4121 578 4184; x_wconf 87' lang='lat' dir='ltr'><em>Tacitum</em></span> <span class='ocrx_word' id='word_1_312' title='bbox 593 4120 684 4199; x_wconf 90' lang='lat' dir='ltr'><em>tueri,</em></span> <span class='ocrx_word' id='word_1_313' title='bbox 708 4119 805 4185; x_wconf 90' lang='lat' dir='ltr'><em>libros</em></span> <span class='ocrx_word' id='word_1_314' title='bbox 830 4122 986 4201; x_wconf 88' lang='grc'>99999199.</span> <span class='ocrx_word' id='word_1_315' title='bbox 1005 4119 1183 4184; x_wconf 84' lang='lat' dir='ltr'><em>Sententiae</em></span> <span class='ocrx_word' id='word_1_316' title='bbox 1200 4119 1282 4184; x_wconf 89' lang='lat' dir='ltr'><em>enim</em></span> <span class='ocrx_word' id='word_1_317' title='bbox 1297 4119 1433 4184; x_wconf 87' lang='grc'>99919199</span> <span class='ocrx_word' id='word_1_318' title='bbox 1457 4117 1601 4182; x_wconf 78' lang='grc'>19911199</span> 
     </span>
     <span class='ocr_line' id='line_1_37' title="bbox 193 4222 1601 4307; baseline -0.004 -16"><span class='ocrx_word' id='word_1_319' title='bbox 193 4227 318 4292; x_wconf 88' lang='lat' dir='ltr'><em>sublata</em></span> <span class='ocrx_word' id='word_1_320' title='bbox 342 4228 390 4290; x_wconf 92' lang='lat' dir='ltr'><em>est</em></span> <span class='ocrx_word' id='word_1_321' title='bbox 413 4226 553 4290; x_wconf 78' lang='lat' dir='ltr'><em>dativum</em></span> <span class='ocrx_word' id='word_1_322' title='bbox 577 4244 684 4289; x_wconf 90' lang='lat' dir='ltr'><em>casum</em></span> <span class='ocrx_word' id='word_1_323' title='bbox 707 4224 902 4303; x_wconf 89' lang='lat' dir='ltr'><em>tollentibus,</em></span> <span class='ocrx_word' id='word_1_324' title='bbox 935 4223 965 4287; x_wconf 93' lang='lat' dir='ltr'><em>in</em></span> <span class='ocrx_word' id='word_1_325' title='bbox 991 4225 1103 4306; x_wconf 91' lang='lat' dir='ltr'><em>quibus</em></span> <span class='ocrx_word' id='word_1_326' title='bbox 1126 4224 1386 4307; x_wconf 87' lang='lat' dir='ltr'><em>reprehendendis</em></span> <span class='ocrx_word' id='word_1_327' title='bbox 1409 4242 1470 4287; x_wconf 90' lang='grc'><em>999</em></span> <span class='ocrx_word' id='word_1_328' title='bbox 1494 4222 1601 4286; x_wconf 87' lang='lat' dir='ltr'><em>abute-</em></span> 
     </span>
     <span class='ocr_line' id='line_1_38' title="bbox 192 4333 359 4396; baseline -0.012 0"><span class='ocrx_word' id='word_1_329' title='bbox 192 4352 262 4396; x_wconf 89' lang='lat' dir='ltr'><em>mur</em></span> <span class='ocrx_word' id='word_1_330' title='bbox 286 4333 359 4396; x_wconf 92' lang='grc'>9119.</span> 
     </span>
    </p>

    <p class='ocr_par' dir='ltr' id='par_1_11' title="bbox 195 4430 1600 4620">
     <span class='ocr_line' id='line_1_39' title="bbox 297 4430 1600 4518; baseline -0.005 -18"><span class='ocrx_word' id='word_1_331' title='bbox 297 4436 389 4500; x_wconf 83' lang='grc'>11999</span> <span class='ocrx_word' id='word_1_332' title='bbox 414 4435 560 4518; x_wconf 88' lang='lat' dir='ltr'><em>quoniam</em></span> <span class='ocrx_word' id='word_1_333' title='bbox 584 4434 705 4517; x_wconf 87' lang='grc'>9119991</span> <span class='ocrx_word' id='word_1_334' title='bbox 727 4436 815 4499; x_wconf 88' lang='grc'>19999</span> <span class='ocrx_word' id='word_1_335' title='bbox 830 4433 1005 4497; x_wconf 90' lang='lat' dir='ltr'><em>reddidisse</em></span> <span class='ocrx_word' id='word_1_336' title='bbox 1018 4434 1128 4498; x_wconf 84' lang='lat' dir='ltr'><em>Tacito</em></span> <span class='ocrx_word' id='word_1_337' title='bbox 1152 4434 1243 4499; x_wconf 89' lang='lat' dir='ltr'><em>nobis</em></span> <span class='ocrx_word' id='word_1_338' title='bbox 1259 4433 1412 4512; x_wconf 89' lang='lat' dir='ltr'><em>ridemur,</em></span> <span class='ocrx_word' id='word_1_339' title='bbox 1436 4431 1506 4496; x_wconf 91' lang='lat' dir='ltr'><em>aliis</em></span> <span class='ocrx_word' id='word_1_340' title='bbox 1531 4430 1600 4512; x_wconf 91' lang='grc'>991-</span> 
     </span>
     <span class='ocr_line' id='line_1_40' title="bbox 195 4539 1156 4620; baseline -0.005 -13"><span class='ocrx_word' id='word_1_341' title='bbox 195 4543 339 4620; x_wconf 89' lang='lat' dir='ltr'><em>busdam,</em></span> <span class='ocrx_word' id='word_1_342' title='bbox 363 4545 399 4606; x_wconf 92' lang='lat' dir='ltr'><em>ut</em></span> <span class='ocrx_word' id='word_1_343' title='bbox 422 4541 502 4606; x_wconf 89' lang='lat' dir='ltr'><em>vires</em></span> <span class='ocrx_word' id='word_1_344' title='bbox 526 4543 650 4605; x_wconf 87' lang='lat' dir='ltr'><em>nostrae</em></span> <span class='ocrx_word' id='word_1_345' title='bbox 674 4540 815 4619; x_wconf 90' lang='lat' dir='ltr'><em>tulerint,</em></span> <span class='ocrx_word' id='word_1_346' title='bbox 838 4540 901 4603; x_wconf 89' lang='lat' dir='ltr'><em>iam</em></span> <span class='ocrx_word' id='word_1_347' title='bbox 926 4539 1156 4605; x_wconf 77' lang='lat' dir='ltr'><em>subveniemus,</em></span> 
     </span>
    </p>

    <p class='ocr_par' dir='ltr' id='par_1_12' title="bbox 294 4646 605 4728">
     <span class='ocr_line' id='line_1_41' title="bbox 294 4646 605 4728; baseline -0.003 -18"><span class='ocrx_word' id='word_1_348' title='bbox 294 4646 375 4710; x_wconf 90' lang='lat' dir='ltr'><em>Dial.</em></span> <span class='ocrx_word' id='word_1_349' title='bbox 401 4666 467 4728; x_wconf 87' lang='lat' dir='ltr'><em>cap.</em></span> <span class='ocrx_word' id='word_1_350' title='bbox 491 4646 529 4710; x_wconf 84' lang='lat' dir='ltr'><em>V.</em></span> <span class='ocrx_word' id='word_1_351' title='bbox 556 4648 605 4709; x_wconf 87' lang='lat'><em>10.</em></span> 
     </span>
    </p>

    <p class='ocr_par' dir='ltr' id='par_1_13' title="bbox 190 4745 1601 5240">
     <span class='ocr_line' id='line_1_42' title="bbox 299 4745 1601 4836; baseline -0.005 -21"><span class='ocrx_word' id='word_1_352' title='bbox 299 4751 436 4816; x_wconf 79' lang='lat' dir='ltr'><em>Securus</em></span> <span class='ocrx_word' id='word_1_353' title='bbox 459 4753 509 4828; x_wconf 83' lang='lat' dir='ltr'><em>sit,</em></span> <span class='ocrx_word' id='word_1_354' title='bbox 542 4751 643 4836; x_wconf 89' lang='lat' dir='ltr'><em>inquit</em></span> <span class='ocrx_word' id='word_1_355' title='bbox 665 4748 762 4836; x_wconf 81' lang='lat' dir='ltr'><em>Aper,</em></span> <span class='ocrx_word' id='word_1_356' title='bbox 796 4760 823 4814; x_wconf 95' lang='grc'><em>91</em></span> <span class='ocrx_word' id='word_1_357' title='bbox 845 4749 972 4814; x_wconf 81' lang='lat' dir='ltr'><em>Saleius</em></span> <span class='ocrx_word' id='word_1_358' title='bbox 995 4750 1118 4812; x_wconf 82' lang='lat' dir='ltr'><em>Bassus</em></span> <span class='ocrx_word' id='word_1_359' title='bbox 1142 4759 1168 4812; x_wconf 90' lang='lat' dir='ltr'><em>et</em></span> <span class='ocrx_word' id='word_1_360' title='bbox 1190 4749 1332 4834; x_wconf 82' lang='lat' dir='ltr'><em>quisquis</em></span> <span class='ocrx_word' id='word_1_361' title='bbox 1356 4746 1440 4812; x_wconf 81' lang='lat' dir='ltr'><em>alins</em></span> <span class='ocrx_word' id='word_1_362' title='bbox 1463 4745 1601 4809; x_wconf 84' lang='lat' dir='ltr'><em>eludium</em></span> 
     </span>
     <span class='ocr_line' id='line_1_43' title="bbox 190 4853 1600 4946; baseline -0.006 -22"><span class='ocrx_word' id='word_1_363' title='bbox 190 4863 328 4946; x_wconf 88' lang='lat' dir='ltr'><em>poeticae</em></span> <span class='ocrx_word' id='word_1_364' title='bbox 351 4870 378 4922; x_wconf 90' lang='lat' dir='ltr'><em>et</em></span> <span class='ocrx_word' id='word_1_365' title='bbox 396 4860 568 4922; x_wconf 90' lang='lat' dir='ltr'><em>carminum</em></span> <span class='ocrx_word' id='word_1_366' title='bbox 580 4856 714 4943; x_wconf 77' lang='lat' dir='ltr'><em>pluriam</em></span> <span class='ocrx_word' id='word_1_367' title='bbox 727 4858 824 4943; x_wconf 79' lang='lat' dir='ltr'><em>fovet,</em></span> <span class='ocrx_word' id='word_1_368' title='bbox 848 4880 916 4920; x_wconf 84' lang='lat' dir='ltr'><em>cuna</em></span> <span class='ocrx_word' id='word_1_369' title='bbox 938 4878 1050 4919; x_wconf 83' lang='lat' dir='ltr'><em>causas</em></span> <span class='ocrx_word' id='word_1_370' title='bbox 1074 4876 1162 4938; x_wconf 84' lang='lat' dir='ltr'><em>aqere</em></span> <span class='ocrx_word' id='word_1_371' title='bbox 1185 4875 1244 4917; x_wconf 91' lang='lat' dir='ltr'><em>non</em></span> <span class='ocrx_word' id='word_1_372' title='bbox 1263 4854 1374 4939; x_wconf 82' lang='lat' dir='ltr'><em>possit.</em></span> <span class='ocrx_word' id='word_1_373' title='bbox 1392 4862 1420 4915; x_wconf 90' lang='lat' dir='ltr'><em>et</em></span> <span class='ocrx_word' id='word_1_374' title='bbox 1442 4853 1600 4937; x_wconf 73' lang='grc'>99999919,</span> 
     </span>
     <span class='ocr_line' id='line_1_44' title="bbox 192 4954 1597 5052; baseline -0.006 -23"><span class='ocrx_word' id='word_1_375' title='bbox 192 4976 342 5052; x_wconf 81' lang='lat' dir='ltr'><em>quatenus</em></span> <span class='ocrx_word' id='word_1_376' title='bbox 375 4963 528 5027; x_wconf 88' lang='lat' dir='ltr'><em>arbitrum</em></span> <span class='ocrx_word' id='word_1_377' title='bbox 552 4961 615 5026; x_wconf 85' lang='lat' dir='ltr'><em>litis</em></span> <span class='ocrx_word' id='word_1_378' title='bbox 638 4963 732 5025; x_wconf 80' lang='lat' dir='ltr'><em>buius</em></span> <span class='ocrx_word' id='word_1_379' title='bbox 755 4963 898 5040; x_wconf 77' lang='lat' dir='ltr'><em>tavena-t,</em></span> <span class='ocrx_word' id='word_1_380' title='bbox 922 4983 982 5024; x_wconf 91' lang='lat' dir='ltr'><em>non</em></span> <span class='ocrx_word' id='word_1_381' title='bbox 1000 4961 1113 5045; x_wconf 89' lang='lat' dir='ltr'><em>patiar</em></span> <span class='ocrx_word' id='word_1_382' title='bbox 1135 4957 1314 5022; x_wconf 87' lang='lat' dir='ltr'><em>Maternum</em></span> <span class='ocrx_word' id='word_1_383' title='bbox 1336 4958 1474 5021; x_wconf 83' lang='lat' dir='ltr'><em>societate</em></span> <span class='ocrx_word' id='word_1_384' title='bbox 1492 4954 1597 5043; x_wconf 85' lang='lat' dir='ltr'><em>plari-</em></span> 
     </span>
     <span class='ocr_line' id='line_1_45' title="bbox 191 5060 1599 5156; baseline -0.006 -23"><span class='ocrx_word' id='word_1_385' title='bbox 191 5094 274 5134; x_wconf 92' lang='lat' dir='ltr'><em>mum</em></span> <span class='ocrx_word' id='word_1_386' title='bbox 296 5069 429 5156; x_wconf 81' lang='lat' dir='ltr'><em>defendi,</em></span> <span class='ocrx_word' id='word_1_387' title='bbox 453 5068 506 5132; x_wconf 83' lang='lat' dir='ltr'><em>sed</em></span> <span class='ocrx_word' id='word_1_388' title='bbox 527 5070 633 5154; x_wconf 85' lang='lat' dir='ltr'><em>ipsum</em></span> <span class='ocrx_word' id='word_1_389' title='bbox 655 5065 752 5131; x_wconf 82' lang='lat' dir='ltr'><em>selum</em></span> <span class='ocrx_word' id='word_1_390' title='bbox 776 5067 864 5152; x_wconf 90' lang='lat' dir='ltr'><em>apud</em></span> <span class='ocrx_word' id='word_1_391' title='bbox 887 5089 934 5130; x_wconf 85' lang='lat' dir='ltr'><em>eos</em></span> <span class='ocrx_word' id='word_1_392' title='bbox 949 5087 1090 5151; x_wconf 81' lang='lat' dir='ltr'><em>anquam,</em></span> <span class='ocrx_word' id='word_1_393' title='bbox 1115 5063 1196 5148; x_wconf 89' lang='lat' dir='ltr'><em>qaod</em></span> <span class='ocrx_word' id='word_1_394' title='bbox 1218 5072 1310 5126; x_wconf 85' lang='lat' dir='ltr'><em>natue</em></span> <span class='ocrx_word' id='word_1_395' title='bbox 1334 5062 1376 5125; x_wconf 90' lang='lat' dir='ltr'><em>ad</em></span> <span class='ocrx_word' id='word_1_396' title='bbox 1399 5060 1599 5146; x_wconf 89' lang='lat' dir='ltr'><em>eloquentiam</em></span> 
     </span>
     <span class='ocr_line' id='line_1_46' title="bbox 190 5170 1113 5240; baseline -0.008 -2"><span class='ocrx_word' id='word_1_397' title='bbox 190 5175 311 5240; x_wconf 85' lang='lat' dir='ltr'><em>uirilem</em></span> <span class='ocrx_word' id='word_1_398' title='bbox 334 5184 361 5237; x_wconf 92' lang='lat' dir='ltr'><em>et</em></span> <span class='ocrx_word' id='word_1_399' title='bbox 383 5175 554 5237; x_wconf 88' lang='lat' dir='ltr'><em>oratoriam</em></span> <span class='ocrx_word' id='word_1_400' title='bbox 583 5222 588 5234; x_wconf 92' lang='lat'>.</span> <span class='ocrx_word' id='word_1_401' title='bbox 617 5220 623 5233; x_wconf 94' lang='lat'><strong>.</strong></span> <span class='ocrx_word' id='word_1_402' title='bbox 648 5226 654 5237; x_wconf 88' lang='lat'><strong>.</strong></span> <span class='ocrx_word' id='word_1_403' title='bbox 681 5221 687 5234; x_wconf 92' lang='lat'><strong>.</strong></span> <span class='ocrx_word' id='word_1_404' title='bbox 711 5173 822 5235; x_wconf 89' lang='lat' dir='ltr'><em>omittit</em></span> <span class='ocrx_word' id='word_1_405' title='bbox 845 5170 983 5234; x_wconf 82' lang='lat' dir='ltr'><em>studium</em></span> <span class='ocrx_word' id='word_1_406' title='bbox 1008 5219 1014 5231; x_wconf 92' lang='lat'>.</span> <span class='ocrx_word' id='word_1_407' title='bbox 1041 5218 1046 5228; x_wconf 93' lang='lat'>.</span> <span class='ocrx_word' id='word_1_408' title='bbox 1074 5218 1079 5231; x_wconf 94' lang='lat'>.</span> <span class='ocrx_word' id='word_1_409' title='bbox 1107 5218 1113 5231; x_wconf 94' lang='lat'><strong>.</strong></span> 
     </span>
    </p>
   </div>
   <div class='ocr_carea' id='block_1_6' title="bbox 0 0 1791 5646">
    <p class='ocr_par' dir='ltr' id='par_1_14' title="bbox 0 0 1791 5646">
     <span class='ocr_line' id='line_1_47' title="bbox 0 0 1791 5646; baseline 0 0"><span class='ocrx_word' id='word_1_410' title='bbox 0 0 1791 5646; x_wconf 95' lang='lat' dir='ltr'><em> </em></span> 
     </span>
    </p>
   </div>
  </div>
 </body>
</html>
