3564 5646
806 321 961 373 „7-

282 531 352 594 Hoc
371 531 570 612 principium,
596 531 667 612 quia
691 552 727 595 ex
751 530 861 595 intirna
885 552 978 596 causa
1002 552 1080 613 quae
1105 533 1209 617 agitur
1236 535 1396 615 sumptum
1428 537 1485 613 est,
1519 555 1582 599 non

184 633 331 698 adfictum
355 634 497 715 aliquod,
517 634 572 699 sed
607 636 775 699 cohaerens
811 655 881 699 curn
916 636 1000 700 omni
1036 655 1163 718 corpore
1198 639 1349 702 sermonis
1384 640 1584 721 cognoscitur

182 741 372 804 membrum.-
391 738 508 820 Neque.
523 739 582 802 tali
606 738 741 817 exordio,
766 758 826 821 quo
851 739 903 822 qui
927 743 1032 804 narrat
1062 761 1095 805 se
1119 741 1223 823 ipsum
1252 741 1380 819 inducit,
1412 743 1512 807 utitur
1542 744 1579 820 ie,

183 843 237 924 qui
259 843 365 908 fictam
388 843 526 925 aliquam
549 863 615 907 rem
638 863 761 908 narrare
784 845 869 909 velit.
1333 905 1336 911 .

287 947 434 1029 Sequitur
448 948 512 1012 iam
529 948 627 1013 brev-is
643 949 790 1014 namatio.
807 950 942 1014 Veniunt
954 949 984 1013 in
1001 949 1093 1016 aedes
1109 949 1243 1014 Materni
1251 949 1343 1032 ,Aper
1359 951 1390 1019 et
1407 950 1579 1027 Secundus,

179 1051 378 1116 celeberrimo
394 1062 458 1115 ιιιιιι
466 1053 542 1137 fori
552 1055 690 1138 ,ιἰιιιιιιιι,
714 1052 766 1135 qui
782 1054 943 1131 mirantur,
962 1053 1043 1136 quod
1059 1055 1220 1118 Maternus
1242 1054 1389 1118 fastiditis
1407 1054 1582 1120 orationum

175 1164 408 1240 ¹(causarumque
446 1156 558 1221 studiis
595 1176 685 1222 omne
722 1161 950 1240 nunctempus
988 1158 1019 1221 in
1057 1157 1227 1242 tragoediis
1266 1162 1446 1236 consumat„
1477 1180 1584 1228 earum

182 1261 364 1326 recitatione
387 1262 521 1349 offendat
544 1265 712 1346 potentium
727 1264 865 1345 ιιιιιιιιοι.
881 1263 989 1326 Monet
1005 1261 1175 1339 Secundus,
1200 1264 1235 1326 ut
1258 1283 1336 1350 quae
1355 1283 1471 1344 ,prauae
1486 1264 1583 1333 inter*¹

182 1365 349 1448 pretationi
370 1366 533 1430 materiam
558 1366 709 1446 dederint,
734 1367 848 1432 eximat
872 1370 903 1431 et
935 1367 1032 1431 tollat
1052 1368 1168 1448 poeta,
1194 1367 1350 1448 vituperat
1371 1368 1464 1450 Aper,
1487 1368 1583 1450 *quod

183 1471 231 1534 tot
253 1470 410 1552 tantisque
432 1471 492 1535 fori
514 1471 647 1554 negotiis
672 1474 841 1553 occupatus
866 1470 905 1534 ad
928 1470 1044 1534 leuiora
1076 1469 1180 1534 studia
1211 1470 1392 1538 descendat.
1421 1472 1583 1536 Maternus

182 1593 281 1656 neque
303 1577 483 1640 monentem
504 1595 603 1657 neque
619 1575 849 1657 vituperantem
874 1575 1001 1640 audiens
1025 1576 1235 1660 aequationem
1258 1577 1338 1638 hanc
1355 1585 1382 1638 et
1404 1579 1583 1647 sacerrimam

183 1678 384 1762 eloquentiam
407 1699 424 1742 a
447 1700 480 1744 se
503 1680 566 1743 iam
590 1681 650 1744 coli
674 1680 784 1763 ιιιοιιιι
769 1684 846 1746 etur

187 1882 189 1885 ι
287 1802 373 1880 Quae
397 1804 501 1867 narrat
503 1802 541 1879 io,
566 1802 693 1883 quiaet
679 1801 779 1866 tdist
766 1802 863 1868 tincta
887 1806 934 1867 est
949 1801 1088 1883 personis
1114 1802 1364 1883 trnterpuncta
1379 1801 1584 1878 sermonibus,

182 1924 242 1969 non
265 1906 369 1969 solum
392 1905 529 1970 delectat
481 1906 633 1970 ttionem
656 1907 750 1991 habet
736 1905 883 1970 ttsed
852 1905 947 1970 etiam
971 1925 1006 1969 ea
1035 1925 1078 1983 re
1111 1906 1231 1988 quod
1224 1906 1357 1992 ipsius
1352 1908 1505 1970 narrantis
1531 1906 1583 1988 qui

182 2009 305 2074 fuerant
326 2010 500 2094 magistri
493 2031 523 2074 ιιι
548 2009 687 2087 dicendo,
713 2030 802 2093 quos
814 2011 1031 2074 assectabatur
1062 2013 1144 2072 orire
1167 2010 1339 2098 stadiorum
1351 2011 1534 2100 cupiditate
1558 2020 1585 2072 et

176 2115 313 2199 quodam
337 2116 487 2178 cra-·'dore
473 2114 602 2178 rueenib
592 2113 641 2199 ι““,)
674 2113 868 2196 disputantes
901 2114 1052 2201 inducunt
1054 2115 1151 2191 ιιι,ιί
1154 2092 1380 2196 tprobabilis.
1411 2115 1584 2206 Arnbigunt

182 2221 296 2285 nostris
318 2220 512 2303 temporibus
534 2218 594 2283 uiri
616 2218 770 2295 docti,t
733 2223 770 2304 ut
771 2239 840 2282 rum
862 2197 983 2283 tinxerit
1005 2218 1095 2303 Tacit
1082 2222 1187 2306 tusto
1189 2221 1257 2307 turn
1281 2219 1333 2305 qui
1356 2220 1418 2282 iarn
1442 2217 1583 2307 sequitur

180 2322 316 2406 inlibris
332 2321 506 2406 sermonem
522 2345 560 2388 an
576 2343 649 2388 vera
664 2323 843 2388 narrarent.
867 2323 978 2387 Nonne
995 2299 1191 2388 simillimum
1207 2342 1272 2405 serr
1263 2323 1408 2387 ιιιιιιιιι·
1425 2325 1584 2413 auctorem

183 2427 309 2511 dialogi
332 2431 369 2493 ut
391 2429 543 2512 singulari
567 2428 701 2510 quadarn
715 2427 850 2491 modest
828 2429 872 2490 tra
895 2426 1008 2511 legent
1002 2447 1066 2491 rurn
1082 2429 1323 2493 benivolentiam
1345 2428 1404 2492 sibi
1407 2446 1528 2520 parare
1530 2406 1581 2508 ιι),

183 2551 262 2613 quae
293 2533 361 2614 ipse
392 2533 494 2597 dicere
525 2531 660 2596 voluerit
694 2531 731 2595 de
766 2531 883 2595 saeculi
916 2532 964 2595 sui
997 2513 1184 2614 eloquentia,
1217 2552 1253 2596 ea
1284 2513 1379 2613 Apro,
1413 2532 1580 2607 Messalae

183 2637 325 2701 Materno
350 2637 544 2702 subiecisse?
568 2637 700 2720 linget
701 2657 722 2700 u
746 2656 923 2701 sennonem
943 2637 1080 2719 aliquem
1111 2637 1148 2700 ab
1182 2628 1236 2714 eie,
1270 2638 1324 2719 qui
1346 2638 1376 2701 te
1346 2635 1581 2711 tdocuerint,

182 2739 319 2823 aliisque
338 2741 424 2825 siris,
445 2741 498 2823 qui
522 2743 611 2806 erunt
634 2741 714 2805 uitae
732 2741 884 2825 dignitate
901 2744 932 2806 ιι
949 2742 1125 2824 ampliores,
1149 2742 1292 2806 habitum
1309 2744 1340 2805 et
1356 2741 1464 2814 emitte
1480 2741 1583 2814 foras:

177 2845 246 2908 'sive
276 2846 409 2927 optimas
440 2846 503 2909 sire
535 2845 636 2910 minus
668 2847 775 2909 acutas
805 2848 875 2909 tuas
908 2837 1077 2910 sententias
1110 2846 1153 2910 eis
1188 2847 1392 2930 suggesseris,
1425 2845 1583 2926 utrimque

183 2950 337 3014 offendes:
361 2949 451 3026 illud,
477 2949 549 3030 quia
573 2949 681 3019 docere
705 2970 768 3029 eos,
792 2952 860 3028 hoc,
885 2951 958 3033 quia
980 2953 1107 3016 lamam¹
1126 2968 1233 3015 eorum
1257 2955 1288 3015 et
1322 2935 1581 3014 existimationem

181 3054 213 3118 in
236 3054 402 3118 discrimen
425 3053 577 3118 adducere
601 3055 763 3120 rideberis.
789 3055 884 3120 Cuius
900 3055 1111 3138 impudentiae
1133 3056 1327 3133 memoriam
1352 3039 1583 3150 quoadrivent,

181 3158 239 3222 tibi
272 3160 450 3223 serrabunt.
427 3159 590 3223 tt'Po
547 3161 608 3222 ttur
642 3158 749 3224 Cicero
782 3161 945 3225 hominum
977 3164 1172 3225 mortuorum
1204 3154 1380 3226 sententiis
1393 3158 1478 3224 bene
1514 3178 1585 3223 suas

182 3269 358 3346 suggerere,
383 3281 453 3326 cunr
475 3263 567 3340 illud,
592 3263 674 3346 quod
690 3267 745 3328 not
746 3264 874 3342 avimus,
900 3265 1014 3329 crimen
1031 3265 1196 3348 effugeret:
1221 3265 1398 3348 potuita
1310 3264 1398 3329 taPl
1398 3264 1566 3328 toSocrat
1544 3267 1584 3335 trs

181 3366 340 3450 ingenium
363 3367 526 3449 variosque
550 3387 708 3433 sermones
731 3368 961 3433 immortalitati
990 3369 1114 3451 scriptis
1138 3369 1202 3433 suis
1235 3371 1374 3472 tradere:
1399 3384 1459 3435 non
1483 3372 1586 3452 potuit

183 3471 309 3549 Tacitus
334 3472 371 3537 de
395 3473 578 3554 aequalibus
602 3475 633 3537 et
655 3473 732 3537 vivis
755 3492 828 3536 uera
850 3492 911 3537 non
935 3473 1047 3538 dicere.

285 3593 443 3661 Sermonis
465 3616 539 3678 pars
559 3596 662 3687 prima
686 3614 752 3676 cap.
769 3595 939 3659 V.-XIII.
965 3597 1031 3659 lam
1056 3615 1157 3673 causa,
1184 3591 1316 3678 quaein
1340 3559 1582 3663 controversiam

180 3700 273 3778 venit,
300 3702 500 3767 constituitur
523 3701 611 3783 quasi
634 3699 747 3763 infore
772 3719 808 3764 ac
830 3700 955 3765 iudicio.
983 3700 1119 3765 Accusat
1141 3694 1234 3784 Aper,
1259 3721 1329 3766 reus
1353 3702 1389 3766 fit
1411 3703 1583 3775 Maternus,

179 3805 330 3877 iudicabit
346 3806 516 3872 Secundus.
535 3803 753 3871 Controversia
769 3806 827 3881 est,
844 3806 950 3868 utrum
964 3806 1006 3868 sit
1019 3807 1241 3887 praestantius,
1259 3807 1398 3870 studium
1414 3806 1584 3870 oratorium

181 3929 219 3973 an
241 3910 408 3994 poeticum.
432 3910 556 3974 Laudat
579 3909 664 3992 Aper
687 3909 898 3990 eloquentiae.
915 3910 1055 3974 studium
1087 3913 1118 3973 et
1149 3912 1265 3992 quanta
1294 3911 1416 3975 utilitas
1448 3912 1488 3974 sit
1520 3910 1585 3982 eius

179 4015 331 4104 expromit
354 4017 563 4097 quantamque
587 4016 640 4092 eir,
659 4014 711 4096 qni
735 4015 798 4077 sint
813 4033 883 4077 eam
900 4016 1065 4091 consecuti,
1085 4015 1271 4099 dignitatem
1288 4015 1396 4079 afferat
1413 4017 1443 4079 et
1458 4015 1585 4078 famam.
1614 4015 1616 4020 ’

179 4118 264 4199 Quae
281 4120 458 4197 affirmarit,
483 4121 572 4184 ornat
588 4118 737 4200 exemplis
754 4138 787 4181 se
803 4119 915 4199 ipsum,
937 4119 1066 4200 Eprium
1082 4119 1278 4196 Marcellum,
1296 4119 1423 4183 Vibium
1440 4117 1584 4198 Crispum

178 4208 362 4312 nominatim
384 4224 578 4305 proferendo.
602 4223 701 4288 Addit
721 4242 833 4287 causae
849 4222 1025 4287 firmament
1013 4226 1046 4287 ta
1062 4223 1254 4288 infirmandis
1271 4223 1441 4287 contrariis.
1466 4223 1582 4303 Repr-e

177 4308 286 4392 lrendit
307 4330 472 4410 poetarum
495 4328 644 4404 studium,
671 4326 753 4409 qnod
776 4346 876 4409 neque
901 4327 1084 4411 dignitatem
1106 4327 1207 4392 ullam
1220 4327 1365 4392 conciliet
1382 4345 1481 4408 neque
1498 4325 1584 4389 adiu-

176 4434 282 4496 mento
306 4431 470 4515 sitneque
493 4420 589 4496 laudi.
615 4431 759 4514 Exempli
783 4451 877 4496 eausa
900 4433 1047 4496 notantur
1070 4433 1285 4496 Maernuse
1308 4431 1430 4498 Saleius
1454 4431 1582 4494 Bassus

176 4535 284 4620 Poetis
307 4535 339 4599 in
355 4536 556 4601 solitudinem
571 4554 641 4624 ¹esse
663 4535 881 4613 secedendum,
905 4535 1078 4599 mediocres
1094 4535 1210 4599 nemini
1228 4539 1328 4612 notos,
1345 4538 1442 4601 bonos
1458 4534 1586 4616 paucis:

90 4701 94 4713 ,
178 4658 285 4704 eornm
308 4639 448 4704 studium
469 4640 572 4705 minus
600 4627 695 4704 etiam
724 4660 791 4704 esse
826 4659 970 4704 securum
1001 4660 1093 4721 quam
1127 4642 1296 4705 oratorum.
1327 4642 1436 4722 Itaque
1468 4642 1584 4716 monet,

176 4749 212 4811 ut
235 4746 273 4809 ab
298 4745 461 4810 auditoriis
486 4747 517 4809 et
539 4745 673 4810 theatris
697 4746 727 4808 in
751 4744 854 4809 forum
885 4748 916 4808 et
947 4744 987 4808 ad
1018 4764 1091 4808 vera
1121 4745 1241 4826 proelia
1263 4745 1424 4810 Maternus
1454 4742 1581 4806 rediret.

284 4972 393 5037 ¹)Dial.
413 4987 470 5039 cap.
489 4972 514 5024 2.
985 5015 987 5021 ,
1187 5010 1190 5015 .

281 5058 453 5129 ²)Indicavit
480 5057 518 5110 sic
546 5057 721 5110 lansenius'
715 5056 816 5109 iuvenis
837 5056 863 5108 in
886 5018 1030 5124 specimine
1049 5055 1096 5108 litt
1072 5054 1181 5109 tterario
1211 5069 1313 5108 summa
1331 5050 1409 5106 laude
1436 5050 1517 5120 digno
1540 5050 1580 5103 De

177 5144 398 5213 TacitoDialog'
373 5161 400 5196 σι
419 5144 534 5197 Auctore
554 5142 706 5212 Groningae
728 5143 802 5196 1878.
822 5160 847 5212 p.
869 5143 908 5195 19.
928 5143 970 5197 dl
