3564 5646
784 333 939 394 „11-

156 548 326 636 par-atos).
352 551 420 631 Qua
443 550 473 614 in
488 550 633 636 lingenda
655 551 782 616 civitate
806 552 922 617 redisse
946 570 1018 614 eunr
1034 550 1120 616 vides
1144 551 1184 615 ad
1207 571 1336 615 aureum
1364 552 1444 616 illud
1458 573 1568 618 saecu·

161 654 230 719 lum
244 655 358 737 prioris
371 657 564 720 Materninae
582 656 730 721 orationis
749 659 780 720 et
799 656 922 720 adillos
947 656 994 720 dis
1018 656 1140 740 genitos
1163 646 1253 741 reges
1278 658 1309 720 et
1332 656 1568 740 antiquissimae

162 759 357 842 eloquentiae
380 782 475 826 unam
498 762 586 827 illam
610 763 746 845 speciem
769 765 801 827 et
824 763 964 838 formam,
988 763 1108 825 utnon
1132 760 1194 824 iam
1219 760 1305 823 -id
1329 760 1413 842 quod
1435 761 1568 825 maxime

160 865 352 940 contrarium
375 865 458 948 apud
481 866 661 931 Ciceronem
672 865 698 951 ²)
715 906 757 912 -
772 868 864 931 abeat
887 869 918 931 et
941 867 1106 930 evanescat
1128 864 1160 928 in
1182 863 1307 928 homine
1331 867 1453 929 oratore
1475 866 1568 930 homo

162 970 367 1052 philosophus
402 973 434 1035 et
470 973 573 1052 poeta,
608 971 663 1035 sed
697 973 805 1035 contra
839 974 942 1036 orator
975 970 1006 1033 in
1030 970 1225 1052 philosopho.
1249 970 1299 1033 lta
1323 990 1416 1052 quem
1445 969 1569 1055 ingenio

164 1073 350 1138 dissimilem
365 1075 443 1157 Apri
466 1074 568 1157 priore
593 1076 731 1140 oratione
749 1076 960 1160 cognorimus,
986 1074 1052 1139 eius
1075 1075 1139 1138 iam
1155 1074 1375 1140 dissentientes
1400 1075 1571 1139 aMessala

163 1198 264 1244 mores
288 1178 440 1244 videmus.
474 1180 576 1245 Taciti
598 1183 704 1245 autem
728 1180 907 1245 simillimus
930 1179 1121 1261 perspicitur
1142 1180 1315 1256 Maternae,
1336 1170 1411 1243 cum
1433 1178 1570 1261 primum

163 1289 383 1367 comparantur
398 1285 480 1350 inter
495 1305 538 1362 33,
563 1305 641 1367 quae
659 1285 696 1349 de
720 1285 806 1349 aurei
822 1283 938 1349 saeculi
954 1283 1142 1361 innocentia,
1165 1284 1272 1368 legum
1289 1283 1416 1369 origine,
1441 1286 1569 1348 senatus

164 1393 195 1455 et
216 1390 326 1473 populi
350 1390 570 1455 certaminibus
594 1390 768 1455 incivitate
791 1390 898 1467 libera,
924 1391 961 1454 de
984 1390 1076 1454 modo
1101 1410 1136 1454 ac
1152 1392 1398 1472 temperamento
1422 1382 1570 1454 adversus

163 1493 336 1576 principem
358 1495 417 1558 hoc
440 1494 558 1579 dialogi
580 1495 649 1560 loco
674 1497 706 1559 et
729 1495 840 1559 ceteris
863 1495 894 1558 in
919 1494 1019 1559 Taciti
1044 1494 1188 1577 operibus
1212 1493 1398 1579 legunturi).

267 1599 335 1663 Iam
357 1599 464 1684 igitur,
496 1602 532 1663 ut
554 1619 616 1664 uno
640 1602 809 1682 conspectu
841 1618 964 1663 ornnem
997 1598 1113 1684 dialogi
1147 1599 1310 1663 materiam
1334 1598 1505 1677 videamus,
1538 1599 1569 1662 in

165 1702 251 1766 nulla
266 1705 372 1785 parte,
403 1723 480 1786 quas
504 1706 568 1768 tres
592 1723 661 1768 esse
685 1703 828 1780 diximus,
861 1703 1031 1768 contrarias
1045 1690 1088 1767 'et
1111 1703 1271 1786 oppositas
1295 1723 1344 1768 res
1368 1706 1400 1767 et
1422 1722 1570 1786 personas

164 1806 420 1872 desideravimus
466 1807 625 1891 Quidquid
647 1808 763 1890 ubique
794 1812 928 1890 spectas,
961 1809 1026 1873 sire
1057 1809 1273 1872 educationem
1297 1827 1472 1890 puerorum,
1506 1807 1570 1872 sive

165 1913 401 1978 exercitationes
425 1913 685 1991 adolescentium,
712 1913 776 1977 sive
803 1912 990 1976 iudiciorum
1008 1912 1150 1989 formam,
1169 1913 1233 1976 sire
1250 1911 1454 1994 reipublicae
1476 1911 1569 1975 disci-

164 2017 291 2099 plinam,
315 2017 448 2082 duarum
471 2015 616 2081 aetatum·
626 2018 777 2102 imagines
795 2017 995 2081 adumbratas
1020 2017 1052 2080 31
1075 2015 1295 2081 dissentientes
1319 2016 1519 2099 antiquorum
1540 2018 1571 2080 et

164 2121 371 2185 recentiorum
402 2141 504 2185 mores
529 2122 701 2203 descriptos
725 2123 841 2207 legisti.
872 2120 1078 2204 Eloquentiae
1101 2123 1207 2185 autem
1237 2122 1341 2186 lucem
1364 2123 1396 2186 et
1419 2120 1571 2184 orientem

166 2228 197 2288 et
219 2226 393 2310 fulgentem
417 2229 446 2290 et
468 2227 702 2291 flaccescentem
726 2226 833 2291 vidisti
855 2225 961 2308 reique
985 2243 1105 2290 causas.
1133 2225 1202 2289 Hac
1225 2225 1256 2289 in
1281 2245 1354 2289 cura
1378 2224 1454 2308 quid
1469 2224 1571 2309 indig-

166 2350 240 2393 num
262 2351 367 2394 rerum
390 2331 550 2412 scriptoris
574 2331 723 2416 ingenio?
812 2370 815 2376 ·

270 2587 371 2695 Taciti
360 2628 526 2713 rDialogo
545 2628 686 2693 homines
711 2629 795 2693 docti
816 2629 888 2693 inde
912 2649 930 2692 a
953 2628 1051 2711 Lipsii
1073 2623 1294 2711 temporibus)
1319 2624 1491 2707 permultas
1516 2623 1571 2687 acl-

164 2731 291 2796 1331313
314 2733 511 2815 quaestiones
527 2733 680 2798 rationem
695 2738 881 2816 temporum,
905 2732 1056 2796 sermonis
1074 2730 1289 2807 differentiam
1314 2729 1457 2793 codicum
1478 2728 1571 2792 fidem

165 2835 299 2899 maxime
323 2836 526 2902 continentes.
551 2838 597 2901 De
621 2838 752 2902 materia
776 2838 858 2901 enim
882 2836 966 2901 etin
989 2836 1130 2918 personis
1146 2854 1207 2900 non
1230 2837 1296 2899 tam
1319 2833 1472 2907 dubitant,
1498 2832 1572 2914 quin

166 2939 313 3021 pleraque
337 2939 557 3022 disputationis
581 2944 665 3006 recte
689 2941 752 3005 sint
775 2941 957 3024 composita,
991 2961 1084 3023 qnam
1108 2939 1347 3021 scirecupiunt,
1382 2937 1457 3019 quid
1479 2937 1573 3002 fuerit

167 3063 288 3122 causae,
313 3045 396 3127 quod
412 3048 520 3109 auctor
533 3046 650 3130 dialogi
671 3047 792 3128 Aprum
808 3049 839 3110 et
854 3044 1042 3122 Secundum,
1067 3065 1139 3109 cum
1154 3043 1355 3108 celeberrima
1373 3041 1432 3106 fori
1447 3041 1573 3125 ingenia

166 3149 234 3211 tum
256 3147 355 3230 ipsius
378 3150 555 3234 magistros,
579 3150 683 3215 minus
705 3150 876 3216 liberaliter
899 3150 1089 3214 tractaverit.
1112 3150 1236 3230 Aprum
1267 3147 1349 3211 enim
1372 3147 1502 3228 apparet
1523 3145 1572 3209 in-

166 3252 310 3316 feriorem
335 3273 370 3318 ex
388 3255 555 3319 certamine
569 3256 730 3333 decedere,
756 3255 934 3320 Secundum
954 3273 992 3317 ne
1008 3272 1118 3317 manus
1135 3251 1261 3334 quidem
1277 3269 1447 3315 conserere.
1472 3249 1572 3329 Quam

167 3357 206 3420 ob
229 3376 296 3421 rem
318 3361 353 3421 ut
384 3359 581 3442 aliquatenus
613 3360 783 3442 impietatis
807 3359 935 3423 crimine
969 3357 1096 3422 Tacitus
1120 3357 1253 3421 duorum
1274 3355 1402 3419 illorum
1420 3356 1571 3432 sectator,

167 3479 260 3541 quem
281 3482 430 3546 generum
452 3465 629 3546 piissimum
650 3466 747 3529 fuisse
763 3465 854 3529 docet
867 3462 1023 3548 Agricola,
1046 3461 1205 3538 liberetur,
1229 3458 1371 3524 Secundo
1393 3458 1572 3540 disputandi

165 3568 354 3646 potestatem
376 3568 495 3632 iaciunt
517 3569 571 3634 alii
600 3570 632 3633 in
655 3570 766 3634 lacuna
788 3570 859 3646 ista,
893 3587 971 3650 quae
1004 3569 1088 3631 extat
1111 3565 1168 3629 sub
1191 3564 1285 3628 finem
1308 3564 1420 3646 capitis
1442 3563 1570 3627 XXXV.

166 3670 199 3733 in
223 3670 422 3756 codicibus),
439 3672 494 3736 alii
508 3673 638 3736 lacunae
653 3673 748 3737 finem
771 3675 802 3737 et
825 3672 929 3753 capita
944 3668 1209 3744 XXXVl.-XL.‚
1235 3687 1314 3749 quae
1336 3686 1408 3749 pars
1432 3669 1480 3731 est
1503 3667 1573 3730 Ma·

167 3774 306 3839 terninae
338 3776 504 3854 313113313,
541 3777 615 3841 dant
647 3776 829 3860 Secundoss).
871 3776 1020 3858 Spectant
1050 3773 1133 3839 enim
1163 3772 1289 3854 utrique
1327 3771 1408 3835 illud
1439 3789 1571 3853 quoque,

168 3881 252 3963 quod
273 3881 432 3945 Maternus
460 3901 526 3963 cap.
543 3882 626 3947 XVI.
649 3881 793 3964 promisit
808 3901 841 3945 se
865 3883 897 3944 et
920 3879 1098 3945 Secundum
1121 3879 1224 3958 partes
1251 3875 1418 3940 aMessala
1447 3875 1572 3939 relictas

169 3986 361 4049 executuros.

158 4120 160 4126 ·
271 4089 410 4169 Quarum
433 4089 614 4172 opinionum
629 4092 854 4172 utramcunque
871 4088 1020 4171 sequeris,
1038 4087 1173 4169 primum
1189 4083 1425 4167 compositionis
1443 4082 1568 4148 concin-

166 4194 297 4258 nitatem
321 4196 352 4257 31
382 4214 546 4258 3313311131
577 4194 758 4282 turbabis).
791 4194 910 4260 Deinde
945 4193 1078 4256 alterum
1102 4186 1284 4268 remedium,
1310 4209 1369 4272 quo
1395 4207 1473 4271 quae
1496 4189 1567 4252 Ma·

277 4320 385 4434 ¹)Dial.
406 4383 462 4435 cap.
481 4368 522 4419 41.

274 4455 480 4525 2)613.11331
500 4454 580 4508 ΙΙΙ.1
569 4457 609 4518 15
629 4457 670 4509 56.
688 4455 764 4508 Β11.11
783 4453 829 4507 VI.
848 4454 890 4506 21.

272 4544 388 4611 ³.)Conf
408 4542 471 4595 dial.
499 4559 554 4611 cap
575 4544 674 4596 86-41
696 4541 821 4611 deinceps
848 4557 907 4594 cum
935 4537 1077 4593 Germania
1095 4538 1204 4606 331119.
1232 4535 1303 4589 Hist
1330 4534 1380 4588 HI.
1406 4535 1431 4586 2.
1454 4533 1500 4586 IV
1531 4531 1571 4586 13.

171 4632 238 4684 Anu.
256 4631 305 4684 III.
324 4631 357 4683 27
378 4631 503 4699 Agricola
526 4647 584 4698 cap.
603 4630 646 4682 42.
1371 4666 1373 4668 ,

274 4719 295 4788 1)
315 4717 422 4770 Prodiit
440 4719 526 4786 prinra
545 4717 631 4785 Lipsii
651 4715 715 4769 edit
696 4718 735 4768 tro
754 4716 916 4784 Antverpiae
937 4731 1005 4768 anno
1027 4713 1102 4766 1574

273 4806 392 4872 1)Ρ3131
410 4805 438 4857 111
458 4804 575 4857 editione
603 4800 1012 4871 (1131331Ι311331877.111331
1032 4817 1057 4869 p.
1080 4801 1119 4864 19,
1138 4795 1313 4852 Baehrens
1305 4813 1334 4849 13
1354 4794 1395 4848 ed.
1426 4764 1488 4846 dial
1510 4793 1569 4846 3111.

171 4893 280 4963 Lipsiae
300 4893 374 4953 1881,
393 4909 455 4960 pag.
475 4892 516 4944 93.

274 4980 445 5048 1)81311131
438 4996 465 5031 13
487 4977 903 5048 [113313111111111316133333331ιεί
922 4994 944 5030 a.
966 4975 1040 5037 1863,
1059 4972 1214 5028 Weinlxauff
1241 4988 1268 5040 p.
1290 4965 1567 5024 LXXX-LXXXIV.

172 5067 314 5122 Andresen
331 5068 359 5119 in
378 5066 496 5119 editione
516 5066 578 5119 dial.
597 5067 672 5134 Lips.
693 5066 768 5119 1881.
788 5082 814 5132 p.
834 5066 857 5126 7,
877 5064 918 5117 63.

277 5157 296 5221 1)
317 5154 393 5208 Cous.
413 5171 492 5224 supra
511 5171 536 5223 p.
556 5154 580 5206 6.
