3564 5646
839 328 994 380 ..6,

241 535 248 548 ’
282 530 288 588 ⁴,
319 536 547 602 Praetermissa
579 540 683 601 autem
717 539 775 602 lrac
810 539 1023 615 similitudine,
1055 558 1133 620 quae
1169 540 1217 602 est
1247 538 1396 602 nonnulla
1426 537 1458 601 in
1492 540 1622 602 externa

217 642 336 727 dialogi
359 644 389 706 el
412 641 563 706 librorum
587 642 815 707 rlretoricomm
838 642 1048 725 discriptione,
1081 644 1219 706 ceterum
1244 645 1276 707 et
1306 641 1336 704 in
1368 641 1508 723 personis
1532 644 1564 705 et
1587 641 1619 704 in

216 744 308 813 r'ebus
331 747 394 811 fere
418 746 521 810 omnia
543 746 680 811 invenies
704 746 867 811 contraria.
893 747 1122 829 Colloquuntur·
1144 747 1175 810 in
1191 746 1355 811 rhetoricis
1379 745 1520 810 homines
1543 751 1622 810 natu

216 852 360 929 maiores
384 851 415 915 iu
439 850 564 934 dialogo
588 851 713 915 iuvenes
738 851 945 936 quadraginta
969 852 1057 916 annis
1081 850 1224 915 minores.
1248 851 1388 915 Messala
1411 850 1563 927 enim,ut
1584 869 1622 914 ex

217 957 399 1022 certioribus
430 954 552 1019 initium
593 974 764 1033 sumamus,
806 955 917 1041 legioni
944 958 1093 1042 septimae
1126 953 1327 1019 Claudianae
1360 956 1505 1019 tribunus
1535 954 1621 1019 bello

219 1059 523 1143 civiliVespusianas
539 1060 644 1141 partes
669 1062 804 1137 secutus,
835 1059 932 1124 claris
954 1061 1135 1133 nlaioribus,
1160 1062 1296 1146 egregius
1319 1061 1395 1146 ipae*
1409 1070 1435 1123 et
1457 1061 1514 1145 qui
1535 1058 1622 1122 solas

215 1165 328 1230 adid
362 1165 473 1229 bellum
506 1174 590 1228 cotes
623 1164 720 1227 bonas
753 1163 915 1241 attulisset,
952 1185 1029 1229 anno
1064 1165 1158 1229 LXX.
1193 1184 1224 1246 p.
1249 1165 1304 1229 ch.
1327 1185 1357 1228 n.
1393 1165 1528 1229 nondum
1563 1161 1625 1227 luit

217 1272 374 1336 senatoria
396 1268 535 1354 oetate¹).
563 1269 594 1333 Is
617 1269 713 1353 igitur
737 1288 772 1333 eo
797 1288 886 1346 anno,
911 1289 970 1351 quo
1003 1289 1103 1334 sermo
1127 1270 1252 1334 habitus
1289 1289 1355 1333 esse
1388 1271 1538 1346 narratur,
1562 1268 1623 1332 rix

218 1376 277 1440 luit
299 1375 499 1459 trigenarius.

322 1481 448 1544 Marcus
464 1479 557 1561 Aper,
576 1479 667 1543 homo
684 1479 714 1542 in
728 1478 853 1543 civitate
866 1479 989 1544 Galliae
1001 1479 1312 1565 criutnacfooorcbili
1325 1481 1426 1554 natue,
1444 1479 1621 1559 quaestura,

218 1585 388 1661 tribunatu,
412 1584 559 1665 praetura
580 1584 715 1661 functus,
740 1584 880 1666 quamvis
904 1584 1140 1649 celeberrimum
1169 1588 1237 1648 tum
1268 1583 1326 1648 fori
1359 1583 1527 1667 ingenium,
1562 1601 1625 1662 qua

219 1691 268 1754 est
289 1690 319 1752 in
344 1687 530 1771 disputando
547 1689 580 1751 oi
595 1698 622 1751 et
638 1689 760 1765 ardore,
784 1691 822 1753 ob
844 1688 877 1751 id
892 1688 995 1770 ipsum
1012 1688 1119 1753 multis
1144 1689 1231 1752 annis
1255 1688 1411 1752 Messalae
1427 1684 1624 1769 praestitisse

219 1793 268 1857 vix
291 1792 446 1875 putandus
471 1795 528 1856 est.
1416 1846 1419 1850 .

324 1896 480 1962 Curiatius
503 1897 674 1973 Maternus,
700 1915 735 1960 ex
759 1899 880 1961 oratore
904 1899 1006 1978 poeta,
1031 1894 1255 1980 quisCalonem,
1280 1895 1430 1972 Medeam,
1448 1895 1625 1958 Dourilium

219 2000 399 2084 tragoedias
423 2000 564 2068 confecit.
589 2020 659 2065 oum
681 2001 713 2064 in
737 2000 861 2085 dialogo
893 2022 925 2066 se
948 2004 982 2064 in
1005 2003 1110 2064 causis
1133 2021 1255 2084 quoque
1282 2002 1358 2064 eniti
1369 2001 1511 2085 fortasse
1532 2016 1625 2079 posse

222 2107 335 2186 speret,
360 2104 624 2188 quadragenarius
647 2123 714 2169 esse
739 2108 770 2169 et
791 2106 858 2188 ipse
883 2107 1021 2171 nondum
1043 2107 1175 2171 videtur.
1198 2105 1331 2171 Accedit
1353 2106 1412 2169 hoc
1438 2105 1470 2167 in
1486 2100 1627 2185 personis

222 2210 421 2286 contrarium,
452 2209 535 2291 quod
559 2208 716 2274 Ciceronis
739 2211 770 2273 in
795 2210 1006 2294 disputatione
1029 2212 1135 2276 nullae
1152 2213 1224 2276 sunt
1246 2214 1361 2293 pastea,
1379 2210 1487 2274 auctor
1504 2205 1625 2289 dialogi

221 2313 310 2377 adest
332 2314 363 2377 in
385 2313 665 2396 .disputando,..sed
686 2333 820 2396 persona
842 2313 969 2402 muta2).
1025 2368 1027 2372 .
1064 2368 1069 2374 .

325 2419 460 2483 Maxime
484 2421 589 2483 autem
612 2419 660 2482 sui
680 2419 755 2483 iuris
790 2425 838 2485 est
868 2422 995 2487 Tacitus
1027 2424 1057 2487 in
1089 2421 1280 2486 inveniendis
1311 2420 1414 2484 rebus.
1447 2419 1516 2481 Hoc
1539 2417 1623 2479 certe

212 2523 253 2587 ¹in
270 2542 383 2606 genere
399 2524 546 2588 eximium
563 2523 874 2605 quoddamvhistorici
886 2526 1225 2611 scriptorisingenium
1241 2527 1420 2607 promptum
1434 2525 1466 2586 et
1481 2522 1624 2602 apertum

222 2631 278 2692 est.
302 2627 412 2709 Neque
436 2627 518 2691 enim
542 2628 683 2706 oratoris,
709 2630 762 2710 qui
786 2631 1024 2696 conformandus
1049 2634 1105 2708 est,
1129 2631 1219 2695 initia
1242 2631 1274 2694 et
1296 2628 1411 2712 gradus
1444 2625 1620 2690 tractantur

222 2732 309 2796 ¹relat
332 2732 485 2814 quaedam
509 2732 704 2813 eloquentiae
729 2734 880 2813 educatio,
905 2738 959 2799 aut
991 2736 1146 2800 clarorum
1171 2736 1339 2810 oratorum,
1370 2733 1421 2814 qui
1451 2734 1482 2795 et
1516 2729 1624 2811 quales

225 2835 349 2913 fuerint,
374 2833 504 2901 censura
527 2855 625 2918 neque
642 2838 811 2920 disputatio
831 2840 982 2922 quaedam
1003 2839 1265 2922 perfectissimum
1281 2841 1435 2904 oratorem
1451 2835 1625 2917 exprimens

227 2979 269 2987 -
293 2960 370 3022 quae
393 2942 543 3006 materiae
567 2942 724 3007 subiectae
749 2947 820 3008 sunt
845 2944 1001 3010 Ciceronis
1024 2945 1114 3009 libris
1139 2945 1176 3008 de
1200 2947 1331 3021 oratore,
1356 2941 1464 3019 Bruto,
1489 2938 1623 3004 oratori:

222 3045 389 3110 reconditis
425 3045 525 3130 magis
559 3046 722 3131 magisque
761 3048 874 3113 abditis
910 3050 1045 3114 fontibus
1084 3048 1202 3132 dialogi
1239 3048 1371 3112 materia
1407 3064 1464 3109 nec
1499 3043 1625 3126 opinato

223 3150 374 3214 hauritur.

221 3312 224 3316 .
326 3254 361 3318 In
384 3254 485 3336 prima
507 3257 595 3336 parte
619 3275 637 3319 a
658 3275 754 3338 parvo
779 3258 847 3320 orta
878 3257 967 3321 initio
991 3255 1068 3339 Apri
1099 3258 1130 3320 et
1160 3255 1296 3320 Materni
1328 3254 1417 3336 quasi
1449 3251 1623 3328 altercatio,

223 3360 430 3441 praestantior
454 3359 495 3422 sit
518 3378 567 3422 ars
592 3362 726 3424 oratoria
749 3381 787 3425 an
810 3362 943 3444 poetica,
967 3363 998 3424 in
1027 3360 1162 3425 secunda
1190 3360 1398 3424 recentiorum
1429 3361 1460 3423 et
1482 3358 1624 3421 veterum

224 3464 393 3540 oratorum,
428 3463 507 3546 Apri
530 3466 562 3527 et
583 3464 749 3542 Messalae,
796 3464 922 3546 quidam
955 3483 1159 3548 congressus:
1195 3462 1382 3528 diiudicatur
1411 3461 1474 3525 iam
1497 3458 1628 3524 victoria

227 3567 320 3632 tertio
346 3568 513 3631 certamine
535 3569 617 3632 inter
638 3570 809 3634 Messalam
832 3572 864 3634 et
886 3571 1072 3647 Maternum,
1097 3570 1150 3652 qui
1167 3589 1220 3634 cur
1237 3567 1422 3633 recesserint
1438 3563 1625 3629 recentiores

222 3672 254 3736 in
279 3673 413 3736 oratoria
435 3672 528 3736 laude
551 3693 656 3737 rerum
680 3693 788 3739 causas
813 3673 1007 3761 explicant3).

331 3777 400 3840 Hac
434 3777 465 3840 in
499 3777 711 3860 disputatione
747 3781 880 3844 materia
915 3783 946 3843 et
980 3780 1080 3845 forma
1114 3782 1179 3843 tam
1214 3781 1278 3843 arte
1310 3776 1484 3850 cohaerent,
1515 3771 1628 3853 utqui

226 3883 371 3962 quartum
392 3884 601 3965 pugnatorem
626 3883 801 3948 Secundum
824 3904 885 3949 uno
910 3886 1016 3967 aliquo
1040 3884 1109 3949 loco
1133 3884 1269 3949 inserere
1284 3881 1392 3957 velint,
1410 3881 1493 3943 recte
1510 3875 1626 3940 vidisse

226 4005 287 4050 non
310 3983 483 4051 rideantur.
507 3987 562 4051 Bis
587 3988 669 4052 enim
693 3987 810 4072 singuli
833 4009 904 4054 curn
928 3989 1061 4073 singulis
1090 4008 1201 4053 manus
1225 3987 1400 4061 conserunt,
1433 3985 1470 4046 ut
1493 4000 1625 4065 congre-

228 4087 333 4153 diendi
356 4088 497 4154 Secundo
521 4109 581 4155 non
605 4091 646 4156 sit
668 4092 800 4157 facultas
823 4093 883 4158 nisi
905 4097 953 4158 ter·
975 4093 1058 4158 data.

328 4193 396 4256 lam
415 4193 512 4276 igitur
525 4195 643 4280 dialogi
660 4202 877 4280 argumentum
892 4199 1027 4264 breviter
1038 4194 1297 4280 perlustrabimus
1318 4194 1371 4271 ita,
1386 4195 1421 4256 ut
1434 4190 1628 4274 singularum

225 4297 362 4379 partium
386 4317 464 4379 quae
489 4300 530 4364 sit
551 4301 743 4382 praestantia
767 4322 802 4366 ac
824 4302 945 4384 pondus
970 4303 1116 4384 deinceps
1139 4298 1377 4383 perpendamus.

252 4413 256 4419 ’
318 4402 529 4468 'Prooemium
553 4424 619 4487 cap.
643 4405 767 4470 I.—IV.
792 4408 911 4471 Auctor
934 4407 1052 4491 dialogi
1084 4426 1155 4471 cum
1189 4423 1280 4486 saepe
1312 4422 1383 4466 cum
1408 4401 1508 4466 sabio
1540 4399 1628 4463 Iusto

226 4505 440 4587 quaestionem
479 4509 662 4588 tractasset,
706 4530 760 4575 cur
792 4512 932 4594 ipsorum
966 4512 1160 4596 potissimam
1194 4519 1279 4572 aetas
1314 4507 1406 4570 laude
1441 4505 1630 4589 eloquentiae

227 4609 335 4672 orbata
359 4613 450 4689 esset,
474 4631 534 4678 non
550 4634 646 4678 suam
668 4615 805 4698 proferre
828 4617 1013 4682 sententiam
1037 4616 1158 4693 statuit,
1194 4613 1248 4678 sed
1282 4622 1418 4696 repetere
1459 4631 1627 4673 sermonem

225 4715 381 4778 donuinam
412 4714 697 4799 disertissimorum,
731 4743 806 4807 quos
837 4721 965 4785 eandem
994 4723 1205 4806 qaaestionem
1245 4726 1472 4804 pertractantes
1505 4716 1627 4778 iuuenis

228 4819 395 4884 admodum
419 4819 567 4886 audisset.

333 4993 351 5058 1)
371 4990 432 5045 Tae.
452 4993 522 5047 Hist.
541 4995 592 5048 ΙΙΙ.
612 4997 636 5050 9.
658 4997 697 5050 ll.
716 4998 758 5051 25.
777 5000 819 5053 28.
837 5000 883 5054 IV.
902 5000 944 5054 42.

332 5079 353 5148 ²)
373 5078 449 5133 Conf.
470 5079 594 5152 deinceps
614 5083 678 5138 dial.
699 5103 756 5154 cap.
775 5087 799 5138 2.
820 5087 842 5139 7.
864 5087 905 5140 11.
925 5087 965 5140 17.
984 5087 1027 5140 24.

330 5165 351 5235 ³)
371 5166 444 5224 Dial.
464 5184 522 5238 cap.
541 5171 635 5237 5-13,
656 5173 766 5238 16-26,
786 5173 897 5227 28-41.
1027 5172 1031 5180 ’
