3564 5646
819 303 978 361 „28-

297 516 458 581 Miramur·
472 516 573 582 virum
597 517 725 583 doctum
758 519 978 597 Ribbeckium,
1015 519 1069 602 qui
1102 518 1243 605 maluit¹)
1283 519 1469 586 Germaniae
1504 518 1600 585 silvas

192 621 436 704 antiquissimas,
471 622 610 686 nondum
643 643 738 687 manu
771 625 934 688 hominum
968 642 1084 702 caesas,
1118 625 1149 687 in
1185 624 1450 706 comparationem
1485 644 1596 690 vocare

194 745 288 808 quam
311 726 429 790 fertiles
452 726 563 790 Italiae
587 745 688 810 agros.
712 727 783 791 Non
806 728 982 812 tangendus
1007 729 1067 792 fuit
1088 729 1138 792 hic
1171 728 1260 792 locus
1293 727 1420 812 dialogi,
1453 729 1487 792 id
1518 731 1601 812 quod

194 831 333 894 ostendit
356 830 486 910 Quintil.
509 831 548 895 X.
573 833 602 910 3,
628 830 657 895 7.
689 832 801 896 Omnia
825 834 905 896 enirn
927 843 1044 912 nestra,
1068 833 1142 896 darm
1165 843 1345 912 nascantur,
1366 832 1499 918 placent.

294 935 376 1000 Dial.
402 955 468 1016 cap.
491 935 530 1000 X.
555 938 606 1001 20.

295 1040 359 1105 Sed
380 1051 476 1105 tecum
498 1044 583 1120 nvidi,
608 1041 759 1120 Materne,
783 1065 834 1105 res
859 1053 911 1120 est,
935 1043 1016 1127 qued
1038 1066 1106 1106 cunc
1120 1053 1238 1107 natura
1256 1053 1312 1106 tua
1327 1045 1361 1107 11
1376 1044 1479 1128 166611
1502 1067 1601 1106 arcena

194 1143 383 1231 eloquentiae
395 1147 498 1230 jerat,
523 1169 628 1208 errare
650 1150 751 1210 rnavis
774 1157 801 1210 et
823 1170 945 1210 sremnra
968 1148 1100 1234 adeptus
1122 1151 1156 1212 in
1180 1147 1345 1211 leuioribus
1367 1147 1520 1211 subsistis.

296 1249 461 1332 Ingeniosa
488 1251 543 1314 sed
565 1250 732 1315 infeliciter
761 1252 842 1316 hunc
875 1251 981 1316 locum
1010 1254 1163 1322 tractasse
1186 1251 1310 1316 videtur
1332 1251 1503 1330 Acidalius,
1529 1271 1600 1316 cum

195 1354 377 1419 adnotaret:
414 1351 546 1416 Credam
568 1353 677 1417 melius
710 1354 746 1418 el
754 1357 926 1442 equenti
933 1380 954 1418 a
987 1359 1019 1421 te
1043 1357 1175 1440 ferat,
1211 1379 1317 1420 errare
1349 1357 1449 1419 niueis
1480 1379 1601 1419 suntme

193 1459 373 1544 adepturus.
398 1457 549 1545 Adeptus,
575 1459 659 1542 quod
682 1462 730 1524 est
752 1460 784 1524 in
807 1460 906 1538 librIs,
930 1461 1072 1525 restituit
1093 1461 1148 1525 ille
1172 1461 1307 1544 quidem,
1344 1461 1393 1540 ,te'
1418 1481 1494 1525 num
1516 1463 1600 1526 recte

196 1584 229 1629 se
251 1565 375 1643 habeat,
398 1584 587 1649 magnopere
610 1566 659 1628 est
683 1564 899 1630 dubitandum.

296 1669 450 1734 Veremur
481 1669 572 1746 enim,
603 1689 641 1733 ne
665 1669 789 1734 Tullius
812 1670 1010 1752 importatas,
1042 1670 1170 1734 Tacitus
1204 1669 1320 1734 eiectus
1353 1670 1403 1735 sit.
1436 1671 1509 1734 Tac.
1534 1671 1600 1734 An-

192 1775 252 1838 nal.
276 1775 317 1839 II.
342 1777 401 1838 23:
426 1775 538 1852 coclear,
569 1798 629 1859 que
651 1784 758 1838 uentus
787 1775 964 1839 ferebat.
999 1775 1083 1840 (luri.
1111 1775 1146 1839 V.
1169 1776 1200 1852 4,
1236 1777 1292 1839 11:
1316 1777 1370 1838 eia
1392 1777 1426 1838 11
1442 1775 1600 1838 Persidem·

191 1879 341 1944 ferens.
365 1879 431 1944 Liv.
454 1880 493 1944 V.
518 1879 575 1944 28:
600 1890 679 1964 purae
702 1880 871 1944 terebat
892 1881 956 1944 via.
980 1880 1051 1944 Val.
1074 1881 1160 1944 Flac.
1184 1880 1238 1944 IV.
1262 1882 1343 1944 438:
1377 1903 1456 1964 quae
1488 1879 1602 1944 ferat

190 1984 252 2047 616.
275 1983 357 2047 Ρ111.
393 2002 441 2066 ep.
464 1984 505 2048 II.
531 1985 580 2062 17,
617 1986 654 2048 2:
685 1984 771 2048 fert
800 1985 854 2046 via
885 1984 995 2048 eedem.
1018 1984 1112 2067 Verg.
1136 1984 1212 2048 Aen.
1236 1985 1290 2048 VI.
1328 1986 1409 2048 295:
1445 1985 1500 2046 eia
1522 2007 1602 2067 quae
1656 1985 1657 1990 ’

188 2087 270 2150 1611
293 2086 474 2151 Acherontis
498 2088 542 2151 ael
564 2088 677 2152 undas.
697 2088 781 2153 Curi.
805 2090 943 2166 VIIII,
970 2087 1026 2152 10:
1052 2089 1158 2152 aditus
1174 2089 1217 2151 ad
1232 2112 1373 2152 cacumen
1396 2090 1599 2153 ferentes

292 2194 433 2275 Apparet
463 2193 526 2269 iam
557 2194 669 2258 ferre
700 2193 760 2257 hoc
783 2194 901 2277 dialogi
931 2195 1000 2257 loco
1026 2212 1093 2257 6666
1117 2212 1252 2270 ,cursum
1275 2194 1390 2257 tenere'
1424 2195 1455 2257 et
1478 2192 1597 2274 optime

191 2297 369 2379 oppositum
391 2298 472 2361 illud
494 2317 636 2363 errare
659 2299 799 2363 mavis.
824 2298 924 2378 Quam
949 2299 987 2363 ob
1009 2318 1076 2362 rem
1098 2297 1202 2362 Peteri
1224 2300 1315 2362 notae
1329 2295 1364 2381 ²),
1390 2318 1451 2380 qua
1473 2296 1598 2361 errandi

194 2404 332 2482 verbum,
358 2405 440 2486 quod
464 2404 505 2468 sit
527 2404 722 2488 languidum,
745 2407 949 2486 vituperatur,
974 2403 1204 2468 assentiendum
1226 2422 1287 2467 non
1311 2405 1368 2467 est.

298 2517 381 2582 Dial.
407 2537 473 2599 cap.
497 2518 583 2582 XIII.
610 2520 662 2583 11.

294 2629 380 2693 Nam
406 2629 537 2715 Crisprrs
567 2633 623 2694 iste
653 2642 679 2694 61
701 2631 879 2709 Marcellae,
914 2632 957 2695 ad
987 2656 1119 2716 purorum
1147 2631 1287 2718 eecempla
1314 2654 1360 2693 me
1384 2653 1483 2704 uocas,
1520 2629 1596 2713 quid

190 2735 300 2798 habent
330 2738 364 2798 ia
395 2738 452 2799 leae
476 2761 537 2800 seca
558 2738 695 2823 fortuna
717 2737 1008 2824 concupiscendum?
1037 2739 1117 2822 qued
1141 2738 1246 2800 tineent
1270 2759 1312 2800 an
1329 2735 1411 2821 qued
1432 2735 1597 2798 timentur?

189 2840 279 2924 qued,
303 2865 371 2904 cane
385 2842 493 2905 cotidie
509 2841 632 2927 aliquid
646 2853 799 2927 repentae,
813 2845 846 2922 11,
863 2842 975 2927 quibus
988 2851 1161 2927 praestant,
1178 2841 1412 2925 indignantur?

292 2955 417 3038 Lipsius
452 2956 629 3020 adnotavit:
663 2958 780 3039 ,Inepte
816 2960 848 3021 61
880 2957 971 3021 falso.
1004 2955 1212 3039 Negationem
1244 2954 1324 3018 addo
1348 2955 1382 3016 lu'
1403 2952 1515 3039 quibas
1537 2971 1598 3015 non

189 3071 360 3145 praedant,
385 3061 444 3124 etsi
467 3061 575 3126 abesse
599 3063 733 3126 alterum
755 3063 930 3127 membrum
955 3059 1054 3124 sentio
1078 3060 1205 3142 periodo
1229 3058 1360 3141 plenae!
1404 3056 1596 3122 Gronovius:
1668 3048 1670 3053 ’

192 3164 337 3243 ,Fallitur
367 3165 502 3247 Lipsius,
538 3166 700 3249 Significat
735 3167 827 3245 enim,
864 3167 946 3248 quod
978 3165 1090 3229 Florus
1125 3165 1163 3229 de
1196 3166 1326 3230 Caesare
1350 3164 1404 3229 lib.
1427 3163 1481 3227 IV.
1518 3181 1544 3226 c.
1568 3163 1598 3224 2.

187 3271 354 3355 pravisque
377 3281 443 3333 erat
463 3270 567 3334 liberis
589 3273 661 3356 ipsa
677 3270 886 3355 beneficiorum
900 3273 1045 3356 petentia.
1071 3270 1134 3335 Cic.
1158 3290 1213 3353 pro
1227 3270 1316 3335 Sulla
1332 3271 1383 3333 26.
1409 3269 1465 3331 72:
1496 3266 1599 3340 Qrcrrrn

190 3375 356 3438 1611161616
390 3377 439 3438 lric
462 3377 557 3438 vitane
580 3386 622 3438 est
645 3400 665 3439 a
688 3376 724 3438 L.
749 3375 844 3440 Sulla
865 3376 1068 3460 deprecatus!
1088 3399 1181 3460 qrearn
1202 3374 1294 3437 166111
1315 3383 1388 3437 sunt
1410 3373 1524 3435 runcari
1545 3374 1596 3435 lee-

189 3482 286 3543 mines
310 3490 337 3542 61
359 3482 553 3544 ornatissimi
574 3490 602 3543 et
623 3482 723 3544 nestri
745 3491 772 3543 61
795 3483 942 3565 equestris
966 3481 1094 3558 ordinis,
1128 3503 1261 3564 querum
1287 3503 1350 3564 pre
1373 3478 1472 3541 salente
1494 3501 1526 3540 se
1548 3478 1596 3539 1616

191 3584 300 3647 Sullae
322 3584 468 3670 6111196611
482 3587 494 3646 l
514 3608 589 3669 ques
605 3610 655 3671 epe
678 3587 865 3648 nominarem
886 3623 919 3630 -
946 3587 1135 3670 nequeenim
1151 3584 1338 3669 ipsinolunt
1361 3594 1389 3647 et
1410 3583 1597 3646 1616611116

186 3691 368 3773 gratissime
393 3690 507 3753 adsunt
530 3691 638 3753 —sed
662 3691 760 3772 quia
782 3691 916 3754 maius
941 3690 1307 3766 66116661161611,
1332 3708 1447 3770 quam
1472 3705 1597 3769 posse

191 3794 319 3860 debet
342 3795 450 3879 civis
474 3794 557 3858 civi
592 3793 707 3872 (1116,
741 3794 810 3858 16166
833 3819 855 3858 6
876 3795 961 3858 uobis
980 3805 1052 3880 pete
1075 3805 1118 3872 at,
1154 3794 1366 3878 qreedpotait,
1390 3793 1595 3878 1611611161-

195 3897 307 3977 baalis,
332 3899 411 3984 qaod
428 3898 518 3984 feu't,
542 3900 624 3983 ipsi)
648 3901 736 3964 Haec
758 3901 857 3984 igitur
879 3900 1004 3983 Lipsius
1029 3903 1060 3964 et
1083 3900 1268 3965 Gronovius.

295 4013 454 4075 Lacunam
477 4011 623 4075 Halmius
652 4013 810 4091 indicavit,
846 4014 915 4091 ,vel'
941 4012 1119 4078 addendum
1152 4034 1219 4078 esse
1244 4016 1313 4077 ante
1338 4015 1365 4075 a·
1385 4011 1595 4077 Andresenius

188 4117 316 4194 censuit,
347 4115 513 4180 Michaelis
545 4118 704 4199 supplevit
735 4118 796 4182 sic:
831 4119 951 4202 ,picibus
976 4129 1141 4203 praestent
1172 4118 1299 4200 perinde
1335 4120 1366 4182 61
1400 4118 1512 4198 quibus
1535 4134 1596 4178 non

187 4222 368 4304 praestant'.
402 4221 541 4300 Quarum
573 4222 768 4286 medelarum
791 4225 901 4287 neutra
923 4224 1099 4288 necessaria
1131 4226 1179 4287 est
1209 4224 1240 4286 in
1271 4223 1340 4287 loco
1372 4222 1505 4304 integro.
1537 4221 1596 4284 Re-

188 4326 320 4408 spondet
354 4326 436 4390 enim
468 4327 629 4391 Maternus
653 4328 700 4392 his
723 4329 825 4393 verbis
849 4328 896 4391 illi
928 4331 1090 4411 poctarum
1123 4331 1153 4391 et
1185 4347 1331 4392 versuum
1363 4324 1595 4409 vituperationi,
1644 4370 1648 4377 .

189 4451 283 4513 quam
305 4432 389 4513 Aper
411 4431 544 4513 protulit
568 4452 634 4514 cap.
658 4433 712 4496 IX.
740 4435 778 4497 15
813 4456 944 4518 querum
974 4443 1074 4496 111661
1097 4434 1147 4495 116
1170 4433 1270 4494 cecitas
1292 4443 1343 4510 est,
1375 4442 1418 4509 ut,
1443 4439 1595 4494 61161616

186 4560 277 4614 anno,
310 4560 369 4621 per
392 4559 492 4598 earnes
514 4536 589 4614 dies,
622 4561 738 4623 acapna
760 4540 893 4601 noctium
912 4548 1006 4622 parte
1029 4561 1126 4600 renunc
1150 4536 1263 4600 librum
1285 4536 1407 4599 escendit
1442 4534 1592 4598 6161661-

187 4641 297 4718 lrraeit,
321 4660 453 4726 rogare
476 4642 557 4705 altre
580 4653 607 4705 61
630 4643 746 4705 ancbire
767 4652 902 4727 cupatur,
927 4644 1044 4705 116111
1067 4645 1122 4727 psci
1143 4642 1182 4706 di
1190 4644 1361 4726 gnentur
1383 4641 1504 4702 audire.

290 4755 396 4819 Facile
419 4756 597 4838 perspicies,
622 4755 649 4819 si
673 4756 867 4839 comparabis
890 4756 970 4820 inter
993 4777 1025 4820 66
1048 4756 1125 4838 Apri
1148 4755 1386 4819 insectationem
1410 4756 1441 4817 et
1456 4751 1594 4817 Materni

190 4858 401 4924 defensionem
434 4861 493 4925 lroc
528 4861 641 4942 duplex
665 4880 732 4926 esse
768 4861 966 4943 oppositum:
1005 4861 1104 4924 Poeta
1136 4879 1196 4924 uon
1220 4861 1358 4942 rogatur,
1393 4857 1489 4922 imme
1514 4857 1593 4920 alios

295 5080 312 5144 ¹)
331 5078 400 5130 Mus,
419 5077 458 5130 rh.
477 5077 602 5131 XXVIII.
622 5095 648 5146 p.
668 5077 726 5131 503.

292 5165 312 5230 ²)
331 5165 360 5216 in
378 5164 436 5218 edit
454 5164 516 5217 dial.
535 5181 561 5234 p.
581 5165 605 5216 7.
