3564 5646
777 323 934 377 -.1-5-

255 532 425 598 Incidimus
457 532 520 597 iam
552 533 684 598 ducente
707 533 817 597 itinere
851 534 882 597 in
913 535 1014 616 ipsam
1039 534 1270 598 dimicationem
1293 535 1407 599 veteris
1431 539 1555 599 contro-

152 639 282 715 versiae,
305 640 414 706 utrum
437 637 561 701 omnino
575 637 885 721 TacitusDialognm
909 639 1075 703 confecerit
1097 658 1202 703 necne.
1230 638 1298 719 Qua
1319 640 1351 702 in
1376 639 1557 723 quaestione

155 745 181 808 si
202 746 324 806 certum
347 762 382 806 ac
406 741 569 806 definitum
586 742 675 806 nobis
692 761 760 807 esse
777 743 878 807 Taciti
893 763 1006 806 nomen
1023 743 1176 807 affirmare
1192 743 1333 821 velimus,
1358 745 1557 807 vehementer

153 848 289 930 primum
313 849 361 910 est
383 847 566 925 timendum,
601 867 638 910 ne
661 848 761 929 Lipsii
793 847 901 930 magni
922 847 1009 911 illius
1033 847 1230 930 grammatici
1253 866 1360 911 manes
1383 847 1556 925 laedamus,

154 952 270 1036 quippe
294 952 346 1034 qui
370 952 540 1036 Dialogrnu
565 973 582 1016 a
605 953 714 1017 Tacito
738 973 799 1018 non
823 953 964 1034 potuisse
988 951 1141 1015 conscribi
1165 954 1238 1028 ,tam
1263 954 1382 1014 certum
1404 951 1557 1028 habuerit,

154 1059 245 1142 quasi
267 1058 481 1140 respondisset
502 1058 638 1140 Apollo'.
675 1057 771 1122 Cuius
794 1057 937 1121 umbram
962 1057 987 1120 si
1012 1055 1222 1139 effugerimus,
1257 1054 1390 1119 aliorum
1421 1058 1453 1120 et
1474 1074 1558 1119 mor-

156 1167 281 1228 tuorum
305 1165 336 1227 et
358 1163 500 1228 vivorum
522 1163 685 1228 hominum
708 1163 875 1227 doctorum·
893 1161 1002 1225 turbae
1025 1161 1057 1224 in
1081 1178 1137 1223 nos
1160 1159 1313 1242 impetum
1331 1159 1457 1238 faciant,
1481 1179 1559 1242 quas

156 1268 238 1338 haud
259 1268 351 1332 facile
376 1268 417 1332 sit
440 1287 553 1332 arcere.
576 1268 744 1333 Instabunt
765 1265 902 1349 primum
924 1264 1020 1328 Plinii
1042 1264 1172 1328 minoris
1206 1266 1454 1348 propugnatores
1486 1263 1558 1326 inde

156 1373 307 1443 aNastio
330 1392 430 1456 usque
454 1373 494 1437 ad
509 1371 786 1450 Kramarczilrium,
811 1372 865 1454 qni
888 1371 1056 1434 maximam
1078 1369 1110 1433 in
1133 1369 1356 1434 vocabulorum
1379 1388 1439 1432 usu
1464 1387 1560 1450 appa·

154 1496 221 1542 rere
244 1477 483 1542 similitudinem
505 1477 586 1540 inter
609 1476 768 1560 dialogum
793 1481 824 1540 et
853 1475 1016 1539 Plinianos
1046 1473 1144 1538 libros
1177 1472 1350 1536 defendent.
1396 1473 1560 1556 Urgebunt

157 1582 267 1647 deinde
291 1582 475 1663 Quintiliani
508 1581 646 1646 vindices
679 1600 714 1644 ac
746 1580 878 1662 patroni,
913 1579 945 1642 in
979 1574 1092 1661 quibus
1124 1577 1299 1643 Gronovius
1335 1579 1367 1640 et
1399 1577 1561 1640 Heuman-

157 1708 226 1767 nus‚
251 1687 303 1770 qui
326 1686 458 1751 fundum
482 1686 730 1766 Quintilianeum
752 1704 820 1750 esse
843 1685 926 1748 iusto
958 1685 1153 1748 sacramento
1188 1681 1372 1746 contendere
1404 1700 1436 1746 se
1470 1700 1562 1762 posse

157 1792 367 1856 affimnabunt.
412 1791 461 1854 Ne
507 1790 641 1854 Senecae
679 1789 806 1871 quidem
843 1788 1020 1852 defensores
1059 1786 1170 1850 desint.
1218 1785 1278 1865 Qui
1316 1805 1388 1850 cum
1424 1785 1563 1850 universi

156 1915 214 1961 nos
236 1916 269 1959 m
280 1915 298 1959 a
310 1916 329 1960 n
342 1916 405 1960 um
429 1898 691 1967 consertum
713 1893 902 1970 vocaverint,
927 1892 1010 1976 quod
1033 1894 1099 1956 tam
1122 1895 1239 1955 temere
1254 1890 1286 1954 in
1303 1891 1420 1955 alienas
1437 1909 1562 1972 posses-

158 2001 262 2066 siones
286 2000 478 2077 irruerimus,
501 2003 571 2064 tum
594 1999 710 2083 singuli
733 1999 823 2064 nobis
846 1999 936 2062 litem
958 1996 1131 2061 intendent.
1163 1996 1255 2060 Dicet
1278 1994 1477 2059 Gutmannus
1501 1995 1563 2058 dia-

157 2107 266 2189 logum
280 2125 351 2183 ,nou
368 2125 404 2170 ex
427 2124 501 2169 auro
517 2124 596 2187 puro
613 2105 822 2187 compositum
842 2104 896 2169 sed
911 2102 1073 2182 vilioribus
1089 2101 1226 2165 metallis
1242 2101 1394 2179 mixtum,
1418 2101 1561 2165 ostendet

158 2208 356 2274 Ecksteinius
389 2229 544 2274 summam
576 2228 738 2291 superesse
773 2209 990 2273 difficultatem
1023 2207 1055 2270 in
1089 2225 1201 2290 genere
1233 2204 1365 2282 dicendi,
1389 2224 1427 2269 ne
1451 2204 1560 2268 Tacito

159 2314 342 2393 vindicetur,
367 2315 544 2379 obstantem
568 2318 661 2397 atque
684 2314 711 2379 is
735 2313 926 2379 doctissimis
951 2312 1117 2377 comitatus
1130 2311 1205 2375 viris
1221 2308 1445 2387 Eichstaedtio,
1468 2309 1563 2372 Bern-

159 2419 276 2495 hardio,
302 2418 449 2501 Sauppio,
472 2418 673 2500 Nipperdeio,
697 2418 901 2494 Andresenio,
924 2416 1057 2500 Vogelio
1081 2415 1160 2479 aliis·

262 2523 332 2586 Hoc
355 2523 386 2586 in
410 2522 547 2604 periculo
571 2523 629 2585 hac
652 2542 715 2586 una
737 2524 799 2587 fere
824 2521 1036 2586 consolatione
1059 2520 1250 2602 poterimus*
1267 2517 1444 2597 sustentari,
1478 2517 1561 2598 quod

160 2645 198 2690 ne
221 2645 278 2691 nos
303 2626 438 2707 quidem,
463 2626 576 2707 quibus
600 2626 742 2690 Tacitina
766 2626 883 2710 dialogi
906 2626 990 2710 origo
1015 2643 1083 2689 esse
1107 2624 1299 2689 defendenda
1313 2622 1445 2700 videtur,
1470 2621 1561 2704 pauci

160 2750 278 2796 sumus.
325 2730 386 2795 Sed
420 2733 466 2794 est
501 2730 591 2794 nobis
627 2729 732 2813 aliqua
765 2731 912 2795 victoriae
946 2729 1070 2806 fiducia,
1105 2749 1166 2792 non
1202 2729 1275 2811 quia
1308 2746 1436 2792 numero
1470 2726 1563 2810 longe

160 2854 355 2919 superamus,
390 2834 445 2899 sed
477 2835 549 2916 quia
573 2834 680 2918 quiin
704 2838 810 2899 nostra
833 2838 918 2899 stant
950 2835 1014 2898 acie
1039 2833 1189 2916 optimam
1213 2852 1340 2899 causam
1364 2831 1490 2914 optimis
1515 2849 1564 2893 ar-

162 2939 320 3025 gumentis
347 2938 525 3003 defendunt.
1128 2994 1130 2998 ,
1196 3010 1199 3014 ,

264 3043 405 3107 Primum
438 3043 535 3127 igitur
557 3043 795 3128 interrogamus,
820 3064 967 3127 pacemne
987 3046 1087 3109 facere
1110 3044 1214 3109 velitis
1247 3043 1296 3109 his
1320 3040 1563 3107 condicionibus.

162 3148 368 3214 Concedimus
402 3147 491 3212 vobis
524 3167 776 3230 unumquemque
804 3151 978 3214 vestrorum
1003 3149 1122 3232 aliquid
1155 3149 1229 3226 veri,
1264 3147 1426 3211 universos
1464 3145 1566 3208 multa

162 3272 260 3336 eaque
283 3271 357 3316 vera
379 3251 504 3316 vidisse.
529 3251 648 3316 Damus
673 3250 892 3331 Quintilianeis
925 3255 1077 3319 sermonis
1110 3253 1249 3336 aliquam
1273 3249 1510 3317 similitudinem
1533 3249 1565 3311 in

163 3357 285 3442 dialogo
307 3357 511 3421 intercedere
546 3377 617 3421 cum
650 3356 835 3436 Quintiliani
868 3359 967 3435 libris,
996 3359 1069 3441 quia
1104 3358 1248 3423 Tacitum
1284 3354 1475 3436 Quintiliano
1500 3352 1564 3417 elo-

166 3463 307 3540 quentiae
341 3466 542 3545 praeceptore
576 3483 669 3526 usum
704 3482 772 3527 esse
806 3463 870 3527 veri
894 3462 1091 3527 simillimum
1114 3465 1172 3526 est.
1211 3460 1391 3526 Tribuimus
1414 3457 1566 3522 Plinianis

164 3563 260 3627 Plinii
283 3566 373 3630 amici
408 3567 563 3651 quendam
587 3568 732 3632 colorem.
778 3568 849 3631 Non
873 3585 1094 3651 repugnamus
1122 3586 1160 3630 ne
1183 3565 1295 3650 legerit
1319 3566 1427 3628 auctor
1450 3561 1565 3644 dialogi

163 3667 296 3735 Senecae
332 3690 454 3754 quoqne
490 3671 615 3752 scripta.
662 3672 865 3736 Defendimus
901 3673 1006 3735 autem
1040 3671 1115 3733 haec
1150 3669 1253 3734 omnia
1284 3688 1346 3733 non
1379 3664 1472 3730 modo
1506 3683 1567 3728 non

160 3772 294 3853 obstare,
330 3776 496 3858 quominus
531 3775 675 3858 dialogus
700 3795 717 3838 a
740 3776 848 3840 Tacito
885 3775 1043 3838 confectus
1068 3774 1118 3852 sit,
1152 3773 1206 3837 sed
1231 3773 1326 3838 etiam
1350 3771 1440 3854 quasi
1464 3769 1562 3853 digito

163 3881 337 3942 monstrare
361 3899 442 3958 eum,
468 3898 559 3961 quem
585 3878 717 3943 dicimus
742 3885 910 3945 auctorem.

268 3981 362 4045 Mitto
387 3985 468 4047 enim
492 3985 542 4048 Fr.
566 3985 647 4068 Aug.
672 3983 832 4062 Wolfium,
857 3985 911 4067 qui
932 3984 995 4048 iam
1019 4003 1098 4047 anno
1126 3984 1262 4046 1802-
1278 4002 1349 4045 cum
1372 3980 1472 4044 multo
1497 3982 1568 4043 ante

165 4084 334 4151 Salinerius
347 4086 490 4150 Taciturn
504 4089 741 4154 defendisset-
756 4088 923 4172 Dialogum
937 4088 1115 4166 ,aureolum'
1129 4087 1252 4151 vocavit
1267 4086 1420 4163 libellum,
1433 4083 1570 4148 Eduardi

164 4189 336 4254 Woelfflini
352 4210 434 4268 cura,
453 4212 514 4275 qua
529 4193 594 4256 stili
611 4193 745 4257 Tacitini
768 4213 847 4275 quae
870 4192 964 4257 fuerit
986 4191 1118 4276 genesis,
1144 4191 1197 4273 qui
1212 4207 1396 4274 progressus
1420 4188 1568 4252 eteritus

165 4293 353 4376 explicatum
375 4295 396 4382 ¹)
428 4299 485 4373 est,
510 4297 688 4362 satisfacere
718 4297 822 4380 potuit
851 4299 902 4362 vel
932 4296 1110 4382 graviorum
1141 4297 1277 4359 virorum
1310 4292 1568 4358 dubitationibus.

162 4400 222 4465 Illa
245 4400 328 4465 enim
351 4421 424 4464 una
442 4400 493 4465 via
517 4404 549 4466 et
578 4402 707 4479 ratione,
741 4421 834 4483 quam
857 4402 929 4465 iniit
951 4401 1159 4478 Woelfflinus,
1193 4389 1230 4464 nt
1252 4399 1387 4464 Tacitini
1417 4397 1568 4463 sermonis

162 4505 386 4587 proprietatem
410 4505 500 4589 quasi
523 4508 712 4582 nascentem,
737 4509 1008 4585 maturescentem,
1033 4508 1249 4571 canescentem
1273 4505 1463 4586 sequeretur,
1496 4520 1569 4565 vera

164 4608 280 4693 dialogi
303 4614 415 4687 natura
438 4610 508 4675 elici
534 4613 564 4674 et
589 4610 809 4691 comprehendi
831 4613 965 4693 poterat.

266 4714 377 4798 Neque
394 4715 477 4779 enim
500 4715 561 4779 alia
577 4733 732 4792 mensura,
757 4716 876 4798 opinor,
901 4716 1003 4780 Taciti
1025 4715 1187 4800 ingenium
1210 4718 1243 4779 et
1265 4712 1396 4778 scientia
1412 4710 1570 4775 metienda

164 4820 246 4896 sunt,
272 4819 334 4882 alia
358 4823 537 4884 nostrorum
552 4822 731 4901 temporum
752 4840 866 4905 magna
881 4820 1015 4906 ingenia.
1041 4819 1188 4885 Omnium
1209 4817 1381 4893 hominurn,
1406 4816 1570 4898 quantum-

163 4942 285 5004 cunque
317 4924 435 5008 ingenii
458 4923 575 4988 viribus
599 4926 769 5004 praestant,
795 4924 864 5005 quis
894 4943 951 5006 pro
975 4943 1047 4988 vero
1083 4925 1189 5006 potest
1220 4921 1373 4986 affirmare
1396 4938 1429 4982 se
1459 4920 1571 4981 natura

271 5153 288 5216 Ἰ)
307 5148 444 5216 Philologi
464 5152 529 5201 tom.
547 5147 781 5200 XXIV—XXVII.
