3564 5646
808 308 964 361 -34-

289 519 413 581 Lacuna
436 517 591 581 indicatur
614 518 645 580 in
668 517 756 582 libris
783 518 831 581 bis
855 517 1126 583 adnotationibus:
1152 519 1222 585 ,Hic
1240 519 1353 584 desunt
1370 519 1589 606 sexpagellae'
1638 558 1641 564 ·
1683 528 1686 534 '

184 623 221 698 A,
246 621 384 697 ,deerant
416 621 446 686 in
482 621 648 702 exemplari
683 641 735 685 ser
769 621 910 705 pagellae
947 625 1106 686 vetustate
1138 623 1349 705 consumptae'
1374 626 1410 703 B,
1443 626 1590 703 ,multum

185 725 291 789 delicit
312 726 343 788 in
367 725 594 807 exemplaribus
618 745 697 808 quae
720 725 924 807 reperiuntur'
949 725 983 802 C,
1008 725 1139 808 ,aliquot
1160 747 1268 791 333333
1283 729 1373 792 racui
1389 727 1490 792 relicti
1507 730 1589 793 sunt'
1680 730 1683 736 ’

186 830 224 906 D,
249 829 289 904 ,iu
313 829 481 910 exemplari
505 829 619 893 dicitur
642 829 749 893 deesse
773 849 826 893 sex
849 830 988 913 paginas*
1012 830 1047 910 ll.
1073 829 1132 906 ,bic
1149 830 1296 895 deficiunt
1313 834 1461 914 quattuor
1475 853 1589 916 parrae
1618 853 1621 860 ’

185 934 337 1016 pagellae'
361 935 429 998 cod.
453 934 563 998 l'enet.

288 1039 355 1101 Has
379 1041 479 1116 notas,
504 1058 583 1120 quae
607 1038 741 1120 scriptae
765 1039 892 1103 suntin
915 1038 1012 1115 libris,
1038 1038 1064 1103 si
1089 1039 1316 1120 comparaveris
1339 1040 1421 1104 inter
1436 1059 1479 1117 se,
1496 1040 1589 1104 mini-

185 1162 268 1206 mam
302 1142 396 1206 fidem
430 1143 547 1225 optimo
583 1144 648 1207 iure
683 1144 801 1207 tribues
834 1143 932 1207 codici
968 1144 1001 1220 C,
1032 1143 1063 1206 in
1088 1163 1148 1225 quo
1172 1144 1309 1207 multum
1332 1144 1441 1207 deesse
1464 1144 1589 1227 legitur,

186 1246 299 1328 quippe
316 1247 366 1309 331
389 1268 479 1311 nemo
504 1248 642 1311 ornnium
659 1247 855 1311 librariorum
874 1248 1071 1311 assentiatur.
1096 1247 1199 1312 Ceteri
1222 1248 1303 1311 enim
1320 1249 1519 1312 consentiunt
1534 1249 1588 1328 ita,

185 1354 221 1413 ut
244 1370 324 1414 nnus
348 1355 497 1432 quattuor
519 1352 723 1435 pagellarum,
748 1372 829 1416 unus
854 1352 973 1433 aliquot
995 1371 1152 1430 versuum,
1176 1355 1240 1416 tres
1263 1351 1335 1416 libri
1366 1353 1512 1416 lacunam
1536 1341 1589 1418 sex

183 1455 368 1538 paginarum
391 1456 537 1519 indicent.
584 1456 667 1536 Quas
691 1460 781 1521 33333
806 1457 832 1520 31
855 1457 1067 1539 composueris
1092 1477 1162 1521 cum
1187 1477 1223 1520 ea
1245 1477 1287 1523 re.
1320 1457 1404 1538 quod
1427 1458 1457 1521 13
1482 1458 1588 1522 codice

185 1558 418 1624 l'indobenensi
442 1561 481 1623 ll.
501 1559 533 1644 ¹),
567 1580 657 1642 quem
682 1561 820 1624 Huemer
844 1560 986 1637 contulit,
1021 1581 1119 1624 unum
1149 1561 1259 1624 folium
1292 1564 1324 1624 et
1356 1562 1486 1626 alterius
1520 1563 1589 1627 folii

114 1690 116 1695 ·
185 1662 264 1726 duae
286 1666 392 1745 partes
414 1684 529 1728 333333
563 1665 690 1728 relictae
714 1668 795 1737 sunt,
833 1684 979 1747 magnam
1004 1684 1072 1728 esse
1105 1664 1248 1728 lacunam
1280 1665 1419 1748 negabis.
1464 1667 1590 1731 Lacuna

186 1769 263 1832 baec
287 1769 314 1832 31
330 1769 453 1850 expleta
470 1770 528 1832 crit
544 1769 664 1852 integro
682 1769 787 1851 aliquo
804 1769 910 1832 codice
933 1769 1058 1833 inrento
1075 1768 1166 1831 —id
1183 1770 1266 1850 qued
1281 1770 1409 1833 minime
1426 1770 1589 1853 desperan-

186 1872 260 1936 dum
284 1876 332 1937 333
346 1911 391 1918 -
405 1873 486 1936 illud
510 1875 593 1955 quod
616 1893 776 1956 speramus
801 1874 1065 1956 complementum
1081 1877 1163 1937 certe
1188 1875 1394 1939 distribuetur
1411 1875 1588 1962 3333333331)

184 1977 215 2041 13
233 1977 345 2059 capita,
364 1977 478 2059 quippe
495 1978 577 2059 quod
593 1979 710 2060 Lipsio,
727 1978 877 2042 acerrimo
894 1979 923 2040 in
942 1978 1076 2061 Dialogo
1092 1979 1193 2042 Taciti
1211 1979 1397 2057 adversario,
1418 1980 1450 2042 id
1467 1981 1590 2045 rideam

186 2081 346 2159 accidisse,
381 2084 417 2144 ut
441 2101 486 2159 ea,
523 2102 601 2163 quae
626 2085 740 2159 entant,
776 2083 807 2146 in
833 2083 936 2163 capita
960 2082 1114 2147 diuideret
1135 2083 1233 2146 XLII.
1257 2084 1365 2165 laque
1390 2085 1417 2148 si
1441 2087 1590 2166 quattuor

186 2187 288 2268 capita
312 2186 510 2261 accesserint,
545 2187 647 2251 Taciti
670 2190 735 2251 tres
766 2188 904 2251 urinores
928 2187 1009 2261 libri,
1036 2187 1211 2264 Geranania,
1244 2188 1401 2270 Agricola,
1437 2190 1590 2274 Dialogus

184 2311 264 2355 unus
297 2292 426 2372 quisque
458 2292 618 2356 habebunt
641 2294 743 2374 capita
765 2292 875 2368 XLVI,
911 2312 972 2373 qua
994 2292 1026 2354 in
1050 2311 1082 2355 re
1105 2292 1168 2355 iam
1190 2311 1272 2355 3333
1294 2293 1353 2356 boc
1376 2297 1425 2357 est
1455 2295 1591 2376 quodam

184 2396 277 2459 modo
302 2396 494 2474 admirabile,
532 2396 615 2478 quod
639 2397 823 2462 Germaniae
859 2396 1002 2479 singulae
1036 2398 1142 2476 partes
1175 2395 1284 2458 eodem
1308 2398 1340 2458 33
1372 2396 1527 2479 incipiunt
1560 2404 1591 2463 et

184 2500 336 2564 liniuntur
364 2501 445 2566 loco.
485 2501 606 2583 Quippe
639 2502 676 2564 de
709 2501 772 2564 rita
798 2499 1026 2564 Germanorum
1056 2500 1177 2581 priuata
1202 2502 1233 2563 et
1264 2499 1435 2564 darnestica
1467 2522 1591 2567 narrare

185 2608 294 2669 auctor
324 2606 435 2687 incipit
457 2607 528 2669 inde
552 2626 569 2669 3
594 2626 659 2687 cap.
687 2607 735 2669 lb.
761 2605 798 2668 de
829 2605 954 2687 populis
986 2604 1118 2688 singulis
1142 2625 1159 2667 a
1184 2623 1251 2685 cap.
1276 2606 1327 2667 28.
1362 2605 1489 2670 Eisdem
1512 2607 1590 2688 ipsis

183 2711 261 2775 locis
279 2731 345 2794 cap.
363 2714 412 2775 16.
431 2713 482 2775 28.
499 2713 530 2775 in
546 2712 680 2793 Dialoge
698 2711 735 2774 de
758 2710 893 2791 antiquis
911 2712 942 2772 et
964 2708 1188 2773 recentioribus
1213 2709 1397 2784 oratoribus,
1422 2711 1590 2775 detractae

185 2816 382 2898 eloquentiae
405 2816 506 2880 causis
531 2816 689 2897 disputare
712 2814 867 2895 incipiunt
891 2813 1037 2877 33113313
1060 2813 1180 2876 faciunt
1203 2814 1347 2876 sermoni.
1387 2813 1469 2893 Quid
1491 2815 1591 2898 igitur

185 2921 211 2982 31
234 2924 298 2985 tres
322 2923 378 2984 bos
402 2921 508 2998 libius,
542 2920 751 2997 Germaniam,
787 2919 976 3003 Agricolam,
1010 2918 1180 3001 Dialogum
1203 2917 1258 2980 uni
1281 2918 1445 3000 eidemque
1470 2920 1590 2985 auctori

185 3025 438 3110 assignabimus?

288 3130 385 3193 Recte
409 3133 515 3193 autem
538 3128 564 3191 si
588 3127 775 3191 coniecimus
800 3147 871 3190 curn
894 3127 1050 3191 Urlicbsio
1081 3129 1229 3208 quattuor
1252 3126 1448 3191 intercidisse
1464 3127 1589 3211 Dialogi

185 3235 297 3316 capita,
323 3235 401 3298 duae
417 3254 467 3298 res
483 3252 538 3315 pro
556 3236 640 3296 certo
664 3235 797 3313 possunt
820 3231 976 3295 affinnari.
1001 3232 1142 3295 Primum
1165 3232 1245 3295 illud
1269 3234 1389 3295 certum
1405 3234 1453 3294 333
1472 3232 1590 3295 lulium

185 3339 362 3404 Secundum
384 3340 514 3403 lacunae
537 3338 606 3402 loco
620 3338 713 3402 rerba
735 3357 796 3401 uon
819 3336 929 3400 fecisse
953 3336 1007 3413 ita,
1031 3337 1068 3399 ut
1091 3336 1263 3399 orationem
1279 3336 1434 3418 quandam
1450 3337 1589 3400 baberet.

186 3442 310 3508 Omissa
335 3444 426 3520 enim,
450 3443 483 3506 id
508 3442 590 3523 quod
615 3461 708 3523 supra
731 3441 916 3517 notavimus,
937 3458 1065 3502 numero
1089 3440 1188 3503 tetius
1204 3441 1355 3504 sermonis
1372 3444 1403 3504 et
1419 3441 1589 3522 scriptoris

185 3568 245 3630 quo
269 3568 345 3612 usus
369 3567 437 3611 esse
462 3547 592 3623 ridetur,
618 3543 787 3629 333311133),
816 3547 965 3626 quattuor
988 3544 1091 3626 capita
1115 3544 1256 3608 Secundo
1281 3544 1402 3626 copiam
1426 3544 1590 3607 verborum

183 3671 244 3716 nen
267 3652 394 3716 faciunt.
419 3651 520 3714 Nemo
545 3652 627 3714 enim
651 3653 708 3727 est,
734 3649 870 3731 quinon
894 3649 998 3712 rideat
1020 3649 1177 3711 Messalae
1201 3648 1372 3711 orationem
1396 3648 1591 3712 3333113133-

184 3756 265 3834 dam,
290 3757 432 3820 Materno
458 3756 594 3820 dandum
617 3754 751 3818 initimn.
775 3755 937 3817 Maternus
962 3755 1067 3816 autem
1091 3752 1590 3834 33133333333313331331333

184 3860 273 3926 initio
298 3861 335 3925 de
361 3860 488 3925 Graecis
512 3860 686 3924 oratoribus
711 3859 777 3923 3133
802 3858 895 3923 dubio
920 3857 1064 3938 exposuit
1086 3856 1254 3938 —pergit
1278 3856 1360 3919 enim
1385 3856 1491 3918 eudem
1506 3859 1589 3919 ratio

153 4034 157 4041 ,
183 3968 217 4028 ia
240 3976 347 4029 nostru
382 3984 546 4047 quoque
582 3967 705 4027 31313333
738 3965 937 4047 antiquorum
969 3961 1167 4047 eloquentiam
1194 3963 1341 4045 prooessit
1363 4000 1406 4007 —
1429 3961 1507 4024 nihil
1528 3960 1591 4025 fere

184 4070 349 4134 verborum
372 4070 514 4136 Secundo
538 4069 698 4150 relinquit.

286 4176 431 4238 Alterum
454 4175 485 4238 in
511 4174 651 4238 confesso
676 4174 736 4237 erit
751 4173 918 4237 Nicolaum
936 4172 972 4234 V.
990 4172 1025 4234 P.
1043 4171 1087 4234 bl.
1111 4189 1211 4251 neque
1236 4189 1298 4246 eos,
1323 4170 1375 4251 qni
1401 4189 1589 4248 successere,

184 4278 351 4341 Pontifices
376 4279 546 4360 quidquam
570 4279 696 4361 biologi
730 4279 766 4341 de
798 4277 950 4340 industria
985 4279 1039 4339 ant
1071 4275 1200 4338 consilio
1235 4274 1416 4338 resecuisse.
1456 4274 1590 4337 Pontem

185 4383 267 4446 eninr
291 4382 499 4464 interruptum
525 4384 551 4447 si
568 4403 604 4446 ex
620 4383 791 4465 propinquo
810 4381 1035 4463 spectaueritis,
1053 4380 1115 4442 iarn
1132 4378 1309 4442 concedetis
1325 4379 1433 4442 relicta
1452 4398 1519 4442 3333
1544 4398 1588 4455 ea,

185 4507 263 4569 quae
288 4486 449 4550 offensioni
474 4507 541 4551 esse
565 4490 717 4568 poteraut,
742 4486 936 4550 intercidisse
960 4484 1100 4547 candida.

290 4591 406 4672 Scripsi
429 4592 562 4655 Vindob.
586 4610 693 4654 mense
716 4591 800 4655 blaio
824 4588 1152 4655 MDCCCLXXXVH.

291 4870 309 4937 ¹)
329 4867 488 4920 zeitschrift
507 4867 524 4922 f.
545 4868 570 4920 d.
591 4872 683 4922 bstcrr.
704 4868 831 4937 Gymnas.
852 4867 919 4920 1878
939 4867 965 4920 S.
985 4866 1036 4937 8313
1055 4866 1081 4917 Z.
1102 4865 1126 4916 3.
1147 4882 1171 4916 r.
1191 4882 1215 4915 3.

289 4957 309 5025 ²)
329 4955 463 5009 Urliclrsio
484 4955 546 5022 (nos
566 4956 601 5009 ΙΙ.
621 4956 728 5026 13232)
748 4955 904 5008 recrescat
929 4942 1064 5006 litterulae
1090 4951 1213 5003 ridentur
1232 4951 1367 5014 excidisse,
1396 4951 1480 5002 totius
1500 4949 1587 5002 libelli

184 5061 247 5115 pars
266 5045 321 5098 fere
341 5044 451 5097 decima.

289 5133 309 5202 ³)
332 5133 408 5186 Conf.
427 5148 507 5200 supra
525 5149 551 5200 p.
571 5133 595 5183 6.
614 5149 640 5200 p.
661 5132 700 5184 18.
