3564 5646
790 352 945 404 -.19-

166 559 351 636 Corneliam,
375 559 544 637 Aureliam,
564 561 705 625 Caesaris
721 564 862 639 matrem,
887 560 993 625 Atiam
1010 564 1145 648 Augusti
1162 566 1373 653 nominavitb,
1388 588 1466 650 quae
1474 573 1568 655 prio

165 666 247 748 cipes
270 663 380 725 liberos
402 663 628 748 produxerunt.

270 769 331 834 Sed
369 769 515 850 quoniam
554 789 653 852 neque
691 771 857 835 consilium
894 791 1000 835 meum
1038 775 1087 836 θεῖ
1123 793 1223 854 neque
1259 774 1353 839 huius
1391 775 1569 856 scriptionis

166 874 381 957 angustiarum
405 893 543 957 pugnare
568 875 605 937 de
629 874 798 953 uocabulis,
836 876 875 939 ad
898 876 1023 940 tertiam
1046 877 1109 940 iam
1133 876 1305 941 destinatae
1329 879 1406 942 mihi
1429 880 1571 962 disputa·

166 978 260 1041 tionis
283 980 404 1059 partem
420 979 609 1062 progredior,
634 979 665 1042 in
690 999 750 1061 qua
774 1000 834 1063 quo
858 981 959 1064 magis
983 1000 1166 1062 persuasum
1189 982 1268 1045 mihi
1283 985 1330 1048 est
1353 984 1410 1048 hoo
1435 985 1570 1067 antiqui·

167 1082 242 1146 tatis
273 1082 394 1145 illustre
428 1086 666 1147 monumentum
691 1104 709 1147 a
732 1084 840 1148 Tacito
877 1105 944 1150 esse
979 1085 1197 1170 compositum,
1234 1105 1269 1150 eo
1304 1088 1404 1172 magis
1429 1089 1569 1154 Tacitino

168 1204 309 1250 sermone
331 1187 436 1250 metiri
460 1187 590 1252 audebo.
959 1173 962 1180 ⁵

828 1363 903 1429 ΠΙ.

271 1501 372 1565 Taciti
406 1502 549 1586 dialogus
574 1503 687 1585 quibus
721 1504 872 1567 innitatur
901 1504 990 1568 libris
1013 1524 1108 1568 manu
1132 1504 1256 1587 scriptis
1290 1505 1398 1587 paucis
1434 1507 1571 1588 proferre

168 1605 286 1670 licebit.

272 1711 445 1775 Doctorum
478 1712 615 1775 uirorum
638 1712 932 1797 investigationibus
957 1715 988 1776 et
1010 1713 1102 1791 curis,
1137 1713 1291 1795 imprimis
1309 1714 1516 1779 Studemundi
1541 1720 1572 1781 et

168 1816 202 1879 L.
227 1814 404 1901 Urlichsii‘2)
428 1836 525 1898 paene
542 1820 661 1881 certum
686 1821 735 1882 est
757 1820 881 1883 saeculo
895 1818 979 1882 VllI.
1004 1817 1054 1881 uel
1076 1818 1130 1881 IX.
1154 1818 1185 1880 iu
1209 1819 1398 1882 monasterio
1423 1820 1571 1885 Euldensi

167 1919 265 1984 fuisse
289 1909 428 1984 codicem
452 1921 607 2002 quendam
623 1924 793 1999 retractum,
819 1924 872 2005 qui
896 1942 965 1985 cum
990 1922 1091 1985 Taciti
1106 1922 1273 1985 Annalium
1299 1941 1351 1986 sex
1373 1924 1470 1988 libros
1493 1925 1573 2006 pric-

169 2045 218 2089 res
242 2029 314 2090 tum
326 2026 464 2091 eiusdem
489 2025 697 2103 Germaniam,
722 2027 910 2111 Agricolam,
935 2027 1103 2111 Dialogum
1117 2027 1304 2091 continebat.
1331 2029 1433 2092 Huius
1457 2029 1572 2094 codicis

170 2131 335 2195 Euldensis
359 2133 484 2194 constat
505 2151 602 2193 unum
626 2132 825 2214 apographon
850 2133 965 2195 iactum
990 2151 1057 2196 esse
1071 2131 1219 2196 Corbeiac
1243 2134 1367 2196 saeculo
1383 2133 1447 2210 XI„
1471 2134 1574 2198 Anna·

169 2237 247 2299 lium
272 2256 324 2299 seu
347 2236 443 2300 libros
467 2236 585 2319 priores
609 2235 781 2314 continens,
806 2237 937 2300 alteram
961 2237 1033 2300 libri
1056 2240 1187 2318 partem,
1223 2257 1316 2319 quam
1329 2237 1429 2301 Taciti
1452 2239 1575 2319 minora

169 2341 284 2422 scripta
308 2340 496 2404 continuisse
520 2340 771 2418 memoravimus,
804 2341 928 2405 saeculo
952 2339 1037 2404 Xlll.
1063 2341 1260 2404 simillimum
1285 2344 1332 2404 est
1354 2341 1419 2405 veri
1441 2342 1572 2406 relatam

170 2466 237 2510 esse
260 2446 291 2509 in
325 2445 551 2527 monasterium
574 2445 805 2522 Hersfeldense,
841 2445 894 2509 ubi
919 2447 999 2508 lacto
1024 2445 1202 2529 apographo
1226 2444 1291 2509 sive
1325 2447 1482 2509 vetustate
1506 2446 1571 2510 sive

169 2549 366 2634 neglegentia
389 2549 490 2630 periit.
516 2548 701 2612 Corbeiense
716 2549 796 2613 illud
820 2550 1029 2633 apographon,
1053 2553 1220 2632 postquam
1244 2570 1322 2614 anno
1341 2552 1424 2614 1508
1441 2551 1572 2614 Romam

169 2656 304 2719 relatum
328 2658 385 2732 est,
420 2655 564 2717 aLeone
587 2653 625 2716 X.
650 2653 802 2717 Pontifice
825 2654 961 2717 Maximo
991 2656 1183 2717 asservatum
1218 2657 1327 2736 postea
1364 2654 1572 2719 bibliothecae

170 2759 328 2823 Mediceae
352 2758 548 2822 Florentinae
572 2757 721 2820 insertum
748 2760 804 2836 θεῖ,
828 2758 882 2821 ubi
905 2777 986 2821 nuuc
1010 2760 1094 2821 extat
1117 2757 1184 2821 cod.
1208 2758 1368 2822 Mediceus
1392 2757 1456 2844 13).
1481 2759 1571 2823 Alte-

170 2884 240 2927 rum
274 2864 472 2947 apographon
496 2862 709 2926 Hersfeldensi
743 2863 772 2925 iu
807 2862 997 2925 monasterio
1032 2862 1158 2925 saeculo
1182 2861 1249 2926 XV.
1273 2866 1430 2943 repertum
1454 2866 1502 2928 θεῖ
1535 2865 1573 2928 ab

170 2970 320 3032 Herroclro
355 2969 524 3045 Asculano,
561 2987 653 3050 quem
689 2967 815 3031 doctum
850 2967 965 3031 litteris
990 2967 1118 3032 Graecis
1154 2969 1185 3030 et
1216 2967 1336 3031 Latinis
1359 2968 1510 3032 Nicolaus
1534 2969 1572 3033 V.

170 3073 285 3137 Pontis.
303 3074 384 3136 Mar.
400 3072 608 3137 bibliothecae
624 3071 793 3136 Vaticanae
817 3071 958 3136 conditor
982 3072 1031 3147 ,ad
1053 3071 1272 3152 inquirendum
1296 3076 1327 3136 et
1349 3073 1574 3138 transscriben-

171 3177 244 3240 dum
268 3177 364 3241 libros
400 3177 553 3259 antiquos'
588 3178 620 3240 in
645 3177 845 3243 Germaniam
879 3177 1016 3255 miserat,
1053 3176 1086 3239 id
1109 3176 1192 3259 quod
1226 3179 1355 3258 apparet
1376 3177 1443 3255 hac,
1480 3197 1573 3259 quam

171 3282 400 3364 exscripsimus,
426 3283 569 3364 epistula.

274 3386 417 3468 Epistula
432 3387 556 3450 Nicolai
579 3387 617 3451 V.
634 3387 669 3450 P.
686 3387 729 3450 M.
747 3386 786 3448 ad
810 3385 1002 3449 Ludovicum
1017 3384 1305 3449 Erlichshusensom
1322 3386 1438 3449 ordinis
1455 3385 1572 3450 Teuto-

171 3490 233 3554 nIci
254 3490 440 3574 magistrum
473 3490 565 3554 data:
600 3490 739 3566 „Dilecta
771 3490 826 3554 fili.
861 3489 1000 3554 Salutem
1025 3492 1056 3553 et
1088 3490 1293 3571 apostolicam
1315 3490 1573 3554 benedictionem.

169 3595 312 3658 Iamdiu
337 3595 529 3658 decrevimus
562 3598 654 3676 atque
678 3596 717 3658 ad
746 3594 778 3657 id
804 3595 888 3659 omni
918 3594 1021 3658 studio
1046 3613 1171 3675 operam
1199 3594 1317 3673 damus,
1353 3597 1388 3658 ut
1410 3614 1466 3676 pro
1491 3614 1574 3659 com-

169 3700 256 3763 muni
279 3699 416 3763 virorum
433 3700 595 3763 doctorum
612 3700 775 3763 commodo
790 3700 959 3763 habeamus
975 3698 1126 3762 librorum
1143 3698 1281 3762 omnium
1298 3718 1369 3761 cum
1391 3699 1574 3763 Latinorum

169 3806 237 3867 tum
261 3804 451 3869 Graecorum
474 3803 696 3867 bibliothecam
720 3804 940 3867 condecentem
963 3802 1118 3884 pontificis
1143 3806 1174 3866 et
1197 3802 1278 3866 sedis
1303 3803 1492 3884 apostolicae
1509 3804 1575 3888 dig-

170 3907 271 3985 nitati,
297 3911 327 3971 et
342 3908 404 3971 iam
422 3928 457 3971 ex
484 3908 521 3970 iis
539 3909 591 3989 qui
614 3909 809 3990 reperiuntur
831 3908 930 3972 omnis
947 3907 1068 3991 generis
1086 3907 1271 3988 scriptorum
1287 3908 1437 3972 maiorem
1453 3911 1574 3989 partem

169 4013 329 4077 habemus
362 4013 423 4077 Sed
454 4033 525 4077 cum
554 4013 647 4077 multi
677 4013 749 4077 libri
773 4033 808 4076 ex
840 4012 975 4094 antiquis
1000 4011 1155 4088 deficiant,
1187 4011 1239 4093 qui
1263 4013 1355 4094 culpa
1379 4013 1574 4094 superiorum

169 4120 346 4200 temporum
371 4120 444 4181 sunt
467 4118 629 4200 deperditi,
666 4117 945 4199 adinquirendum
969 4119 1000 4180 et
1023 4116 1308 4180 transscribendum
1332 4117 1356 4180 si
1380 4117 1574 4198 reperiantur

171 4222 324 4286 eiusmodi
347 4222 443 4286 libros
467 4223 622 4286 mittimus
647 4223 796 4287 dilectum
818 4221 919 4285 filium
942 4220 1048 4284 Enoch
1071 4219 1292 4298 Aesculanum,
1323 4220 1425 4284 virum
1449 4221 1574 4285 doctum

171 4326 298 4392 Graecis
323 4331 354 4392 et
375 4327 494 4391 Latinis
518 4328 641 4408 litteris,
665 4328 850 4392 familiarem
866 4328 1018 4402 nostrum,
1043 4324 1096 4405 qui
1118 4324 1239 4388 diversa
1253 4325 1323 4388 lcoa
1340 4327 1371 4388 et
1386 4324 1575 4388 monasteria

168 4431 315 4514 inquirat,
340 4432 366 4495 si
390 4432 458 4512 quis
483 4452 519 4496 ex
541 4433 618 4514 ipsis
642 4433 811 4515 deperditis
835 4432 918 4514 apud
940 4450 996 4495 vos
1011 4429 1099 4492 libris
1122 4428 1318 4508 reperiretur.
1342 4429 1460 4493 Idcirco
1476 4428 1572 4493 nost'

170 4536 433 4618 contemplatione
456 4536 533 4600 velis
550 4557 656 4601 omnes
680 4538 727 4601 tui
750 4537 898 4601 territorii
913 4536 1010 4599 libros
1034 4533 1093 4597 sibi
1110 4532 1282 4622 ostendere,
1317 4534 1460 4616 antiquos
1484 4554 1574 4616 prae·

170 4640 277 4704 sertim
301 4644 332 4704 et
359 4640 479 4721 priscae
503 4641 685 4723 scripturae,
718 4646 749 4706 et
771 4641 865 4705 simul
888 4639 1077 4722 pemrittere‚
1113 4636 1201 4700 utin
1225 4640 1279 4701 tuo
1302 4638 1457 4702 territorio
1481 4639 1575 4702 scribi

168 4746 270 4829 possit
286 4745 427 4826 expensis
450 4747 574 4811 nostris.
588 4747 745 4812 Nolumus
769 4747 851 4811 enim
863 4748 900 4810 ut
922 4743 1035 4825 aliquis
1051 4742 1130 4806 liber
1146 4741 1339 4823 surripiatur,
1357 4742 1412 4806 sed
1434 4745 1574 4806 tantum-

169 4849 263 4916 modo
286 4854 323 4916 ut
345 4849 400 4914 fiat
424 4854 513 4936 copia
543 4853 795 4929 transscribendi‚
829 4871 922 4935 super
945 4848 1058 4932 quibus
1081 4847 1148 4928 ipsc
1171 4846 1278 4912 Enoch
1300 4851 1405 4915 tecum
1427 4842 1574 4932 loquetur

276 5030 292 5094 ¹)
313 4982 378 5080 Tac..
395 5026 459 5078 dial.
479 5043 535 5094 cap.
555 5025 597 5079 28.

272 5115 292 5184 2)
312 5113 373 5166 Εοε.
392 5113 414 5165 I.
433 5130 458 5182 p.
477 5112 615 5166 ala-253
633 5112 669 5165 II.
688 5128 715 5180 p.
736 5111 886 5165 224-232.

272 5204 292 5269 ³)
313 5202 368 5254 sive
386 5200 465 5253 Laur.
482 5200 607 5254 LXVIII.
626 5198 684 5254 cod.
703 5199 724 5253 I.
743 5200 771 5253 4⁰
790 5198 903 5252 membr.
