3564 5646
811 303 964 357 ,12-

183 519 271 581 terno
295 515 455 581 subtracta
477 518 551 579 sunt
574 512 715 579 Secundo
750 513 964 589 admoventur,
999 512 1225 578 alienissimum
1248 516 1297 579 est
1319 511 1494 578 aSecundi
1510 509 1601 577 anxii

183 621 316 685 bominis
339 619 489 691 moribus,
521 619 553 683 id
577 618 659 701 quod
682 622 765 683 recte
789 621 898 682 contra
921 618 1097 685 Steinerum
1128 616 1259 700 probare
1282 617 1492 685 Baehrensius
1515 617 1601 682 mihi

184 725 309 808 quidem
333 725 417 789 risus
442 726 498 795 est,
523 723 722 786 alterum-
745 722 898 795 lacunam,
934 742 1013 805 quae
1037 725 1095 793 est,
1120 722 1242 804 explere
1265 722 1340 787 licta
1362 722 1499 788 Secundi
1520 741 1600 814 ora·

184 830 269 895 tione
295 868 330 877 -
356 831 572 911 praeterquam
597 827 680 909 quod
715 827 793 890 nulli
817 830 865 891 est
888 827 968 903 usui,
997 828 1119 890 vetatur
1142 825 1285 891 omnibus
1307 827 1372 892 fere
1393 826 1483 891 libris
1499 846 1602 891 manu

186 934 319 1017 scriptis,
334 933 448 1016 quippe
466 932 519 1014 qui
546 969 580 977 —
607 931 639 995 id
663 930 746 1014 quod
768 929 941 994 videbimus
958 931 1037 995 inira
1051 970 1095 977 —
1111 934 1234 995 tantum
1248 930 1342 1014 spatii
1364 951 1424 997 non
1446 933 1601 1011 habeant,

186 1039 268 1122 quod
291 1039 424 1120 occupet
445 1035 580 1102 Secundi
603 1035 709 1117 aliqua
732 1035 841 1099 oratio.
866 1034 952 1114 Quae
969 1035 1029 1099 etsi
1050 1034 1249 1114 inveniretur,
1273 1055 1348 1099 num
1362 1035 1440 1119 Apri
1462 1037 1601 1102 alterins

185 1141 328 1227 magistri
350 1142 464 1223 partes,
496 1159 572 1222 quas
596 1139 670 1224 agit.
694 1139 805 1203 fierent
826 1139 996 1204 meliores?

288 1246 377 1313 Duae
400 1264 449 1309 res
472 1244 570 1328 igitur
592 1243 624 1307 in
648 1244 731 1325 Apro
757 1245 788 1307 et
803 1243 945 1309 Secundo
970 1247 1168 1326 quaeruntur,
1192 1244 1329 1327 primum
1352 1265 1407 1310 cur
1429 1246 1602 1330 utriusque

187 1351 303 1415 famam
326 1352 434 1415 auctor
465 1348 582 1432 dialogi
603 1348 635 1411 in
669 1347 833 1412 discrimen
858 1366 954 1429 prope
978 1348 1150 1426 adduxerit,
1186 1350 1296 1415 deinde
1320 1371 1381 1433 qua
1402 1372 1436 1416 re
1458 1372 1498 1417 ne
1521 1372 1602 1435 pro-

190 1455 286 1519 misso
311 1453 437 1536 quidem
452 1452 596 1528 Materni,
610 1452 693 1534 quod
716 1452 831 1536 legitur
843 1471 909 1533 cap.
926 1452 1020 1524 XVI,
1045 1453 1176 1518 steterit.
1192 1454 1277 1519 Illud
1291 1455 1376 1538 prius
1392 1475 1452 1521 non
1469 1456 1606 1522 difficile

188 1561 351 1643 auguratu,
382 1559 441 1622 hoc
475 1557 544 1621 lere
575 1560 631 1620 est.
656 1557 783 1621 Tacitus
807 1557 898 1634 enim,
923 1576 995 1622 cum
1017 1576 1201 1639 persuasum
1232 1558 1361 1625 haberet
1384 1560 1604 1642 eloquentiam

186 1664 217 1727 in
241 1663 367 1727 civitate
389 1662 490 1747 magis
512 1662 675 1745 magisque
698 1661 761 1725 iam
785 1662 997 1726 obmutescere
1021 1663 1078 1726 sub
1101 1661 1251 1744 principe,
1283 1682 1344 1727 non
1365 1664 1488 1740 habuit,
1513 1666 1605 1747 quod

188 1769 381 1850 disputantes
405 1767 579 1832 causidicos
601 1767 733 1851 fingeret
755 1767 845 1833 tales.
869 1769 905 1830 ut
924 1767 1067 1831 omnibus
1091 1767 1228 1832 umneris
1251 1768 1382 1850 perfecti
1406 1772 1512 1833 essent
1528 1789 1602 1835 ora-

189 1875 281 1950 tores,
318 1872 429 1955 quibus
463 1871 653 1954 querendum
683 1871 802 1945 suisset,
842 1871 925 1954 quod
947 1880 1065 1933 autrico
1087 1894 1147 1933 sara
1170 1871 1416 1935 admirabilius
1439 1875 1605 1957 exquisita

190 1978 331 2040 doctriua
353 2000 413 2040 noo
437 1979 502 2039 ium
524 1974 713 2038 curriculum
735 1975 857 2038 baberet
878 1977 912 2038 a'n
943 1977 1073 2048 civitate,
1107 1975 1140 2039 id
1175 1976 1257 2058 quod
1289 1976 1321 2041 in
1344 1977 1442 2042 Bruto
1466 1980 1604 2059 questus

190 2085 237 2147 est
269 2082 376 2148 Cicero
385 2080 417 2168 ').
461 2082 496 2144 ln
527 2080 723 2163 eloquentiae
757 2080 969 2145 deminutione
1001 2080 1226 2161 probanda-
1250 2081 1333 2163 quod
1365 2101 1437 2145 vero
1460 2082 1603 2147 manime

184 2205 452 2268 remcausamque
476 2185 593 2269 dialogi
616 2184 756 2249 continet
772 2204 949 2249 -necesse
970 2185 1105 2267 quodam
1128 2184 1222 2250 modo
1247 2191 1313 2251 erat
1328 2185 1503 2251 causidicos
1527 2206 1604 2252 earn

189 2310 282 2373 quam
304 2291 524 2372 profiterentur
546 2292 645 2354 artem
669 2292 700 2352 et
723 2289 886 2353 defendere
910 2292 942 2353 et
962 2289 1122 2353 inferiores
1145 2289 1300 2354 recedere.
1322 2290 1466 2355 Alterum
1490 2294 1602 2357 autem

188 2395 276 2471 illud,
302 2394 385 2476 quud
409 2394 579 2470 Secundus
605 2393 687 2476 quod
711 2412 766 2457 suo
790 2393 913 2457 nomine
929 2393 1074 2475 promisit
1095 2394 1267 2473 Maternus,
1291 2398 1449 2477 praestare
1473 2396 1603 2476 debeat,

187 2499 246 2563 hoc
269 2517 359 2582 nego.
382 2498 506 2563 Urbane
529 2497 595 2582 agit
617 2498 779 2561 Maternus
802 2498 897 2561 rerba
913 2497 1047 2563 Secundi
1069 2499 1272 2580 prospiciens,
1297 2519 1376 2582 quae
1398 2500 1538 2565 facturus
1556 2500 1603 2565 sit

188 2604 239 2668 hic
261 2622 367 2682 necne,
381 2621 477 2684 penes
488 2602 594 2684 ipsum
617 2603 673 2665 est.
688 2601 832 2666 Ceterum
849 2601 931 2683 quod
953 2623 991 2668 ne
1014 2607 1232 2686 praeceptores
1248 2604 1374 2687 quidem
1397 2602 1602 2670 suosauctor

190 2707 307 2792 dialogi
319 2707 488 2771 maioribus
506 2706 628 2770 ornarit
641 2706 796 2782 laudibus,
822 2725 916 2788 quam
940 2708 1090 2789 quantum
1107 2707 1183 2770 satis
1207 2707 1237 2771 ei
1248 2707 1420 2786 videbatur,
1444 2708 1477 2772 id
1492 2708 1602 2791 ipsum

190 2812 386 2876 simillimum
408 2811 532 2876 videtur
554 2815 683 2875 naturae
706 2815 738 2875 et
759 2810 873 2875 indolis
897 2811 1068 2875 Tacitinae.

294 2917 361 2980 Iam
385 2919 561 2998 temporum
585 2915 718 3000 vestigia
740 2915 800 2978 tria
823 2918 897 2978 sunt
919 2915 1108 2980 distinendo:
1137 2936 1243 2993 unum,
1268 2919 1479 2998 quotempore
1496 2936 1603 2983 sermo

191 3021 326 3097 habitur,
351 3020 494 3096 alterum,
519 3039 578 3102 quo
603 3020 804 3102 compositus,
829 3021 966 3098 tertium,
987 3040 1047 3103 quo
1071 3020 1219 3104 vulgatus
1243 3040 1311 3085 esse
1332 3021 1489 3103 putandus
1514 3021 1566 3086 sit.

294 3125 473 3206 Disputatio
505 3124 675 3189 amicorum
707 3124 828 3206 quando
861 3126 957 3190 luisse
988 3126 1127 3207 putanda
1159 3126 1209 3203 sit,
1243 3126 1326 3190 intra
1356 3124 1429 3190 anni
1461 3125 1604 3208 spatium

190 3232 332 3295 accurate
356 3229 501 3293 definitur·
523 3228 600 3311 Apri
623 3229 724 3293 verbis
748 3248 815 3310 cap.
831 3229 932 3293 XVII.
956 3254 992 3291 uc
1013 3240 1132 3292 sextam
1156 3233 1219 3293 inm
1232 3229 1342 3312 felicis
1364 3231 1459 3294 buirus
1475 3231 1606 3315 princi-

189 3345 287 3420 patus
307 3336 477 3410 stationem,
510 3334 621 3416 quibus
654 3333 756 3398 verbis
786 3333 911 3415 imperii
932 3329 1120 3416 Vespasiani
1150 3337 1254 3399 sentus
1280 3354 1379 3399 annus
1414 3334 1480 3399 sine
1504 3334 1604 3399 dubio

192 3439 366 3503 denotatur.
391 3438 471 3518 Quia
490 3440 615 3500 initium
623 3438 754 3522 ferendi
769 3438 811 3500 od
833 3438 1057 3523 Vespasianum
1079 3441 1206 3524 inaperr'i
1226 3437 1442 3502 Aleaaudrr'ue
1463 3447 1606 3523 coeptum

192 3548 240 3609 est
252 3544 325 3608 Kal.
348 3543 413 3609 Jul.
431 3543 543 3606 LXIX.
565 3562 601 3626 ⁴p.
619 3543 673 3608 Ch.
685 3545 742 3628 qui
756 3545 878 3628 primns
890 3545 1089 3627 principatus
1112 3544 1178 3606 dies
1200 3545 1234 3606 ia
1252 3554 1410 3629 posteram
1431 3541 1603 3606 celebratas

192 3647 279 3734 osu),
291 3649 389 3732 eligas
412 3647 487 3712 licet
507 3648 589 3711 inter
611 3666 733 3712 menses
750 3648 809 3710 ΧΠ
822 3647 872 3711 vel
885 3647 951 3711 dies
969 3647 1130 3712 CCCLXV
1146 3648 1212 3712 eius
1228 3648 1310 3725 anni,
1335 3648 1388 3730 qui
1411 3667 1429 3711 a
1443 3647 1517 3712 Kal.
1530 3648 1599 3714 Jul.

190 3754 331 3819 LXXIV.
355 3773 455 3835 usque
479 3753 518 3816 ad
540 3752 612 3816 Mal.
636 3753 701 3818 Jul.
725 3753 848 3816 LXXV.
872 3754 1059 3835 pertinebat.
1106 3754 1158 3817 Me
1182 3751 1208 3816 si
1230 3752 1448 3836 interrogabis,
1471 3771 1599 3817 menses

190 3859 335 3922 hibernos
353 3859 539 3940 anteponam
555 3857 690 3935 aestivis,
708 3877 778 3920 cum
794 3858 977 3939 praesertim
989 3858 1089 3940 pridie
1106 3858 1265 3935 sermonis
1280 3857 1334 3938 qui
1350 3859 1398 3921 est
1414 3856 1445 3920 in
1463 3857 1603 3942 dialogo,

193 3964 343 4028 Catonem
361 3962 554 4046 tragoediam
566 3964 726 4026 Maternus
750 3962 964 4047 recitaverim).
979 3963 1062 4043 Quas
1086 3964 1249 4044 poetarum
1272 3963 1471 4027 recitationes
1491 3981 1605 4043 quam·

193 4087 285 4148 quam
310 4067 461 4148 scriptum
484 4068 617 4152 legimus
642 4068 724 4150 apud
740 4067 915 4131 Martialem
940 4087 978 4131 ne
1002 4070 1119 4132 aestate
1144 4067 1270 4149 quidem
1291 4066 1485 4131 intermissas
1510 4067 1542 4130 et
1565 4084 1604 4130 ea

192 4171 341 4236 reaudire
366 4173 481 4236 coactis
499 4172 651 4237 maximae
666 4192 757 4254 saepe
773 4172 935 4237 molestiae
955 4172 1061 4248 fuisse,
1081 4175 1184 4236 tamen
1194 4172 1347 4248 Materno,
1367 4169 1468 4235 Taciti
1491 4170 1605 4248 amico,

191 4275 223 4338 id
247 4275 394 4354 dederim,
417 4280 454 4341 ut
476 4278 670 4362 arrogantiae
689 4277 816 4341 crimine
840 4296 912 4341 eum
937 4277 1077 4341 liberem.
1102 4276 1248 4342 Ceterum
1270 4295 1371 4358 neque
1395 4275 1478 4340 diem
1501 4294 1605 4358 neque

192 4399 333 4444 mensem
355 4401 474 4463 premo.

296 4485 379 4549 Anni
403 4489 506 4550 autem
534 4486 672 4550 LXXIV.
697 4486 801 4550 ultimi
824 4505 946 4550 menses
972 4484 1228 4550 commendantur
1251 4504 1287 4549 ea
1302 4504 1345 4562 re,
1370 4485 1452 4567 quod
1475 4483 1607 4566 Eprium

193 4590 290 4654 istum
305 4589 500 4669 Marcellum,
519 4591 572 4673 qui
595 4591 667 4655 dial.
680 4611 745 4673 cap.
764 4591 850 4654 Vlll.
875 4590 988 4655 dicitur
1010 4613 1070 4653 oon
1086 4591 1188 4652 minas
1211 4591 1305 4654 notus
1328 4613 1391 4653 ease
1406 4591 1439 4652 in
1462 4589 1607 4652 carcereis

189 4695 338 4780 partibus
360 4705 515 4758 terrarum
537 4720 630 4780 quom
649 4695 788 4780 Capuae,
812 4694 960 4777 proximis
985 4693 1072 4758 annis
1095 4689 1395 4758 LXXI.-LXXlII.
1418 4692 1512 4758 Asiae
1532 4712 1607 4775 pro-

193 4799 354 4863 consulem
369 4798 464 4863 fuisse
488 4802 609 4864 constat
633 4819 669 4863 ex
691 4799 836 4882 lnscript
861 4798 1017 4880 Capuana.
1042 4798 1129 4863 Idem
1153 4798 1226 4879 quia
1258 4797 1326 4880 ipso
1362 4817 1441 4862 anno
1464 4797 1606 4875 Lxxrv.

300 4970 319 5040 ¹)
339 4970 394 5024 Cic.
412 4971 488 5024 Brut.
507 4971 553 5024 Vl.
573 4973 614 5025 22.

339 5057 400 5110 Tac.
418 5058 491 5111 Hist.
508 5059 545 5112 II.
566 5060 606 5114 79.

298 5059 308 5092 2

287 5057 319 5225 ἐξ
340 5145 412 5198 Dial.
432 5162 489 5219 cap.
507 5146 534 5199 2.
