3564 5646
808 302 964 356 ..8-

288 510 373 593 Aper
395 510 492 594 igitur
515 509 674 577 homiuem
697 531 730 575 se
753 512 891 594 praebet,
926 513 980 594 001
1014 532 1137 577 ornnem
1173 513 1346 578 doctrinam
1380 516 1412 578 et
1446 513 1587 579 studium

185 614 777 680 000000101100000100010000001
810 616 990 681 utilitatem.
1027 619 1095 697 Qua
1127 617 1159 680 in
1194 636 1227 680 re
1261 617 1343 682 sieut
1376 620 1459 682 recte
1495 618 1589 683 illurn

184 717 341 784 iudicasse
365 738 424 784 non
448 738 574 801 prorsus
591 719 709 802 poteris
724 739 849 804 negare,
872 720 917 784 ita
933 721 991 784 hoc
1006 723 1110 786 tamen
1134 740 1227 803 quam
1244 721 1378 786 maxime
1393 724 1425 786 10
1438 721 1589 800 taedebit,

186 823 267 904 quod
291 823 401 905 Eprios
424 824 593 889 Marcellos
618 828 649 890 et
671 825 781 890 Vibios
805 825 931 907 Crispos
947 826 1057 890 beatos
1077 825 1238 908 praedicat
1253 827 1470 910 fortunataque
1487 826 1591 891 vivere

184 927 262 992 istos
286 928 454 994 existimat.
468 929 590 1012 Quippe
612 932 722 994 notum
745 932 793 996 est
815 933 983 1012 utrumqne
1007 949 1113 995 eorum
1131 932 1199 994 aaa·
1219 954 1284 1016 000
1307 941 1396 996 eram
1419 931 1591 1018 0100000010

184 1035 264 1096 inter
294 1031 394 1096 claros
428 1033 568 1096 habitam
603 1057 689 1098 omae
722 1036 953 1098 accusationum
986 1035 1177 1120 0000010010
1199 1059 1220 1098 a
1242 1035 1378 1100 Neronia
1401 1038 1592 1124 temporibus

174 1141 354 1227 factitasse.
384 1137 505 1213 Quibus
528 1139 649 1202 artibus
671 1138 714 1202 ad
735 1161 887 1202 saarmam
899 1163 999 1224 paene
1014 1139 1186 1227 fastipiam
1207 1142 1295 1205 eaiai
1316 1142 1373 1205 etsi
1383 1142 1594 1227 potentissimi

184 1255 249 1309 tam
270 1244 415 1322 civitatis,
436 1243 596 1329 priocipes
617 1245 651 1306 ia
669 1241 816 1308 Caesaris
839 1245 977 1307 amicitia
1000 1245 1338 1332 aqebaatferehaatqae
1352 1255 1468 1326 cancta,
1484 1248 1592 1311 tamen

183 1353 314 1432 uterque
336 1348 484 1412 neeaaoria
506 1345 693 1411 delationum
714 1358 783 1411 erat
804 1347 962 1432 invasu).

290 1455 413 1536 Quanta
435 1455 542 1518 eontra
564 1451 718 1516 suavitate
742 1452 878 1517 allicitur
901 1454 1024 1518 animus
1046 1453 1078 1518 in
1101 1453 1233 1538 legenda
1257 1455 1313 1519 illa
1336 1473 1415 1537 quae
1442 1454 1585 1537 sequitur

185 1561 324 1624 00011000
353 1558 497 1623 Materni.
521 1557 671 1623 Delatum
703 1556 786 1621 enim
816 1559 847 1621 te
878 1557 965 1622 vides
999 1559 1030 1622 in
1065 1560 1207 1642 tempora
1236 1559 1294 1624 1110
1324 1558 1438 1637 1011010,
1472 1559 1588 1641 quibus

185 1664 321 1742 deerant,
346 1663 373 1727 si
396 1661 507 1727 Ouidio
530 1663 641 1744 poetae
666 1660 790 1726 credere
814 1661 897 1738 licet,
913 1662 1113 1749 fraudesque
1135 1663 1258 1750 dolique

470 1783 662 1867 insidiaeque
686 1791 713 1844 et
733 1785 780 1846 eis
803 1794 830 1846 et
853 1808 942 1848 arnor
964 1785 1129 1849 sceleratus
1152 1786 1293 1850 habendi.

288 1905 530 1988 Unumquidque
547 1925 665 1984 eorum,
690 1926 768 1989 0000
791 1907 876 1990 Aper
891 1909 1024 1990 protulit
1048 1909 1088 1973 ad
1103 1927 1193 1973 suam
1210 1929 1337 1976 causam
1354 1909 1591 1987 defendendam,

183 2011 363 2096 infringitur
386 2012 417 2075 et
439 2011 593 2076 refutatur
608 2012 745 2076 Materni
761 2012 909 2090 00011000,
936 2033 1016 2096 0000
1033 2014 1174 2097 quamvis
1190 2015 1291 2079 multo
1307 2013 1430 2079 brevior
1445 2014 1591 2098 neglecto

185 2119 440 2201 argumentorum
464 2115 570 2181 ordine
593 2116 821 2200 progrediatur,
854 2119 960 2181 tamen
984 2117 1024 2182 ad
1053 2113 1178 2201 ingenio
1208 2120 1315 2183 nostra
1347 2121 1395 2183 est
1425 2117 1590 2183 efficacior.

124 2242 126 2246 ’
184 2220 304 2307 Iateqer
325 2223 407 2284 vitae
429 2220 609 2305 scelerisque
628 2244 732 2306 paras
755 2221 873 2285 0011110
889 2221 945 2299 vir,
971 2222 1023 2304 qui
1039 2231 1155 2286 statam
1170 2225 1317 2309 00100000
1340 2246 1377 2286 ac
1398 2224 1594 2286 securitatem

183 2327 293 2391 ratius
324 2328 497 2391 innocentia
526 2349 621 2410 00000
644 2324 814 2410 eloquentia
838 2324 990 2411 defendil)
1025 2327 1084 2391 hoc
1115 2327 1184 2392 loco
1217 2328 1380 2411 profitetur
1415 2326 1590 2409 similisque

184 2431 252 2513 lpse
274 2431 437 2497 hominum
458 2431 546 2495 illius
570 2429 692 2509 aetatis,
717 2453 797 2514 0000
820 2430 940 2494 vindice
962 2430 1047 2494 nullo

480 2562 586 2638 sponte
608 2576 667 2616 saa
689 2554 756 2616 siae
780 2552 840 2638 tepe
852 2552 951 2636 fldem
973 2527 1288 2639 rectamqueaotebat.

289 2677 390 2758 Quam
426 2676 597 2741 orationem
627 2685 791 2760 poetaram
824 2698 918 2759 qaam
940 2686 1098 2739 oraturam
1119 2676 1297 2739 similiorem
1327 2696 1388 2742 non
1418 2676 1450 2740 in
1482 2678 1587 2758 partes

185 2774 420 2847 dissecabimus.
444 2781 592 2846 Idunum
609 2779 816 2844 affirmamus:
834 2781 861 2844 si
876 2780 935 2843 hoc
949 2797 1047 2844 unum
1063 2782 1182 2846 extaret
1197 2780 1324 2865 Dialogi
1341 2783 1588 2857 monumentum,

184 2905 245 2952 non
268 2886 474 2953 dubitandum
497 2886 573 2962 fore,
598 2884 670 2967 quin
695 2904 712 2947 a
737 2883 844 2947 Tacito
869 2883 1020 2965 scriptore
1043 2887 1127 2949 esset
1150 2885 1368 2966 compositum.
1393 2883 1481 2949 Idem
1505 2884 1589 2949 desi-

184 2992 303 3056 derium
327 2989 540 3072 simplicitatis
572 2991 604 3051 ct
625 2988 767 3052 fortunae
798 3006 905 3051 eorum
936 2988 1128 3066 mortalium,
1162 2988 1214 3070 qui
1246 2988 1333 3052 natta
1367 2988 1468 3053 adbuc
1505 2987 1590 3051 arata

185 3095 311 3160 libidine
335 3095 476 3180 agebant,
511 3092 594 3175 quod
624 3093 656 3156 10
688 3092 865 3168 Germania,
898 3091 981 3156 idem
1014 3094 1227 3174 praesentium
1257 3094 1414 3159 malorum
1436 3092 1589 3170 taedium,

185 3200 269 3282 quod
290 3200 322 3263 in
345 3199 502 3282 Agricola,
539 3197 648 3260 eadem
678 3215 784 3260 rerum
816 3196 907 3259 Initia
941 3199 972 3260 01
1003 3216 1113 3262 000000
1145 3197 1304 3261 scrutandi
1330 3197 1420 3275 ratio,
1456 3196 1589 3280 quaein

184 3304 396 3369 Historiarum
419 3302 507 3368 libris
531 3304 562 3366 01
583 3301 757 3365 Annalibus
787 3302 886 3365 obvia.

287 3411 364 3473 Pars
390 3408 486 3472 altera
519 3425 586 3488 cap.
618 3405 863 3470 XVl.-XXVI.
901 3406 968 3469 lam
1001 3405 1233 3487 disputantibus
1267 3407 1379 3470 tertius
1414 3404 1590 3484 intervenit,

184 3514 353 3597 Vipstanus
387 3511 534 3577 Messala.
566 3510 597 3574 Is
628 3511 773 3575 laudator
803 3511 953 3592 temporis
986 3510 1047 3575 acti
1070 3511 1144 3592 0010
1165 3531 1220 3594 per
1250 3509 1383 3574 ironiam
1405 3509 1526 3592 Aprum
1559 3511 1592 3573 et

184 3618 360 3685 Secundum
377 3617 503 3698 0011000
526 3616 650 3679 nomine
673 3614 844 3697 appellavit
865 3624 1002 3677 oratores
1024 3615 1226 3697 probavitque
1248 3615 1374 3692 ironice,
1400 3614 1482 3696 quod
1506 3614 1590 3695 Aper

182 3726 277 3786 etiam
288 3746 380 3786 suam
394 3721 507 3786 mallet
521 3742 669 3783 aoaoram
683 3720 840 3782 rhetoram
855 3741 936 3782 more
947 3742 1042 3803 qaam
1051 3728 1185 3782 veteram
1197 3729 1358 3782 oraturam
1373 3716 1589 3803 coasamera3),

184 3827 312 3892 offendit
348 3845 446 3908 prope
480 3826 602 3906 Aprum
639 3840 789 3887 novorum
827 3824 1022 3887 sectatorem.
1059 3822 1137 3894 Cum
1176 3843 1265 3887 suam
1298 3842 1424 3888 causam
1456 3825 1588 3903 uterque

183 3935 318 4010 tueatur,
350 3931 488 3995 Messala
518 3929 612 3992 etlam
642 3928 701 3992 hoc
734 3928 834 4010 roget,
857 3938 891 3990 at
913 3926 1029 4012 alr'qais
1051 3927 1189 4011 infinitae
1205 3931 1284 3990 iater-
1298 3930 1440 4012 ‹ratr'qaos
1454 3935 1591 3989 oratores

185 4048 213 4101 et
235 4060 327 4100 novos
349 4035 542 4122 differentiae
564 4055 679 4096 causas
701 4041 855 4094 scrutetur
877 4055 912 4094 aa
935 4031 1055 4110 reddat,
1068 4032 1131 4095 iam
1155 4031 1399 4096 descenduntur
1423 4033 1590 4097 certamen.

184 4142 268 4224 Aper
299 4140 384 4222 prior
407 4138 447 4202 ad
470 4136 696 4201 defendendam
728 4155 817 4201 suam
852 4136 985 4199 aetatem
1020 4155 1053 4200 00
1078 4135 1222 4218 accingit,
1258 4155 1351 4219 quam
1378 4134 1590 4218 pulchriorem

184 4248 216 4310 et
247 4245 433 4309 ornatiorem
464 4242 496 4305 in
528 4241 658 4306 dIcendo
692 4241 830 4306 extitisse
854 4241 914 4304 sibi
936 4240 1101 4322 persuasit.
1124 4239 1286 4304 Novarum
1308 4240 1434 4305 laudem
1457 4238 1591 4321 probare

155 4350 160 4358 '
184 4352 210 4415 si
225 4367 371 4432 prospere
396 4347 424 4411 ei
448 4345 643 4423 successerit,
668 4365 717 4410 res
741 4346 902 4410 transacta
925 4344 984 4407 erit
1006 4363 1105 4425 neque
1137 4344 1266 4409 habebit
1296 4347 1351 4409 aut
1373 4343 1511 4409 Messala
1535 4343 1591 4406 aut

185 4455 276 4532 01100,
293 4473 347 4518 our
363 4451 555 4516 differentiae
573 4470 682 4514 causas
701 4452 839 4532 quaerat.

287 4557 459 4621 Videamus
481 4556 587 4638 igitur,
613 4555 768 4637 quomodo
804 4553 898 4618 armis
921 4553 1007 4634 Aper
1036 4555 1153 4630 utatur,
1184 4555 1219 4616 ut
1250 4553 1470 4617 recentioribus
1502 4552 1592 4634 paret

184 4664 356 4728 0101001000.
381 4662 455 4725 Tria
479 4662 552 4724 sunt
575 4660 711 4741 omnino,
737 4677 816 4740 quae
841 4660 878 4723 ab
901 4677 937 4722 00
960 4660 1128 4739 ponuntur.
1154 4658 1294 4722 Primum
1309 4656 1454 4722 vocabuli
1471 4657 1590 4720 contro-

292 4871 311 4939 1)
332 4869 393 4923 Tac.
412 4869 483 4922 Hist.
502 4868 539 4922 ΙΙ.
560 4868 600 4932 10,
620 4867 661 4929 53,
681 4868 723 4920 95.
743 4867 789 4919 IV.
809 4867 832 4928 7,
852 4867 895 4920 42.
914 4865 1009 4920 Annal.
1028 4866 1090 4920 XII.
1109 4866 1134 4920 4.
1152 4867 1228 4920 XIII.
1247 4866 1288 4920 33.
1306 4865 1378 4919 XVI.
1397 4865 1430 4918 22
1450 4880 1508 4932 squ.

290 4957 310 5023 ²)
329 4957 359 5010 F.
377 4957 477 5010 Ritteri
496 4956 674 5009 coniecturam
693 4955 778 5009 secuti
805 4971 896 5007 sumus
910 4954 1049 5023 probatam
1068 4953 1230 5007 aVahlenia
1255 4953 1284 5006 in
1307 4952 1396 5006 indice
1419 4952 1481 5005 lect.
1500 4949 1588 5003 Berol.

187 5045 282 5116 1878!9
301 5063 326 5114 p.
346 5046 370 5098 8.
515 5080 518 5086 ·

290 5136 310 5200 ³)
330 5131 402 5186 Dial.
422 5148 479 5202 cap.
500 5131 540 5184 14.
