3564 5646
866 295 1010 349 qq..

229 502 344 567 bonum
362 505 417 567 ant
439 503 566 568 doctum
584 504 703 568 factum
727 524 795 569 esse
818 505 914 569 nullis
931 504 1064 568 aliorum
1080 503 1292 571 adiumentis?
1315 507 1437 590 Nempe
1452 510 1637 591 parentibus

228 608 354 687 nostris,
377 608 548 692 magistris,
573 608 787 690 scriptoribus,
812 628 891 692 quos
914 608 1060 693 legimus,
1091 609 1228 693 antiquis
1252 612 1285 673 et
1307 612 1397 675 novis
1420 612 1555 694 plurima
1579 615 1635 680 de-

227 711 347 778 bemus,
371 712 502 778 luvenes
525 713 632 797 igitur,
656 712 684 778 si
700 714 775 795 quid
791 714 984 778 exaravimus
1008 717 1064 777 aut
1084 714 1328 795 composuimus,
1353 735 1429 778 num
1444 717 1505 781 toti
1525 736 1637 784 sumus

227 817 327 880 nostri
349 816 426 881 iuris
450 818 535 882 etin
559 818 651 882 rebus
675 818 761 882 etin
784 837 896 903 genere
920 817 1069 881 dicendi?
1093 817 1160 880 Viri
1183 817 1348 896 doctiores,
1372 820 1425 902 qui
1449 821 1557 886 eadem
1579 823 1637 888 illa

227 924 449 1004 cognorerunt,
481 941 582 986 nonne
611 922 819 987 imitationem
853 922 1017 1005 quandam,
1053 940 1132 1004 quae
1163 923 1222 987 erit
1252 923 1284 986 in
1316 924 1448 1008 singulis
1479 927 1572 992 rebus
1603 933 1637 994 et

227 1024 467 1102 elocutionibus,
503 1026 609 1090 crebro
634 1027 889 1109 deprehendent?

331 1130 377 1192 Ac
420 1148 459 1193 ne
494 1130 564 1212 quis
599 1131 785 1212 persuadere
820 1131 880 1196 sibi
902 1130 993 1195 malit
1014 1129 1099 1194 idem
1122 1131 1245 1215 magnis
1267 1133 1299 1196 in
1322 1133 1455 1218 ingeniis
1478 1135 1542 1201 fere
1573 1157 1635 1202 non

226 1234 365 1298 accidere
389 1234 498 1309 solere,
522 1234 550 1298 is
573 1234 605 1298 in
628 1235 816 1299 recentiores
839 1238 1001 1299 convertat
1023 1234 1171 1299 animum.
1196 1236 1382 1318 Exemplum
1405 1244 1442 1304 ut
1469 1241 1634 1308 hominum

225 1338 418 1403 musicorum
441 1337 577 1416 afferam,
608 1338 689 1403 inter
712 1358 819 1404 omnes
843 1339 925 1404 viros
955 1339 1048 1404 huius
1074 1340 1149 1406 artis
1172 1339 1384 1426 intelligentes
1404 1348 1528 1412 constat
1543 1347 1634 1428 illud,

226 1443 296 1508 Seb.
313 1441 449 1528 Baebius
465 1442 525 1506 nisi
543 1443 707 1522 extitisset,
730 1462 787 1508 nos
811 1463 871 1508 non
887 1444 1049 1508 habituros
1065 1444 1161 1509 fuisse
1178 1442 1433 1512 Beethovenium.
1458 1449 1527 1531 Quo
1550 1451 1634 1517 dicto

226 1547 300 1629 quid
335 1546 420 1611 aliud
453 1547 613 1612 illustrare
635 1549 747 1614 volunt
769 1548 817 1612 illi
839 1548 900 1611 nisi
923 1547 1125 1612 Beethovenii
1152 1549 1273 1614 iuvenis
1304 1552 1443 1617 crebram
1478 1557 1635 1638 quandam

226 1652 256 1715 11
279 1651 473 1733 penetrandis
504 1671 615 1716 vocum
646 1653 829 1731 intervallis,
863 1671 941 1733 quae
975 1671 1024 1717 res
1060 1650 1187 1736 ἁρμονία
1218 1655 1336 1719 Graece
1371 1655 1494 1737 dicitur,
1525 1661 1637 1726 Bachii

225 1755 456 1819 imitationem?
491 1757 532 1819 Et
555 1756 629 1838 quid
663 1760 729 1821 tam
753 1757 911 1822 diversum
945 1777 1038 1839 quam
1060 1758 1172 1822 horum
1207 1759 1370 1842 utriusque
1394 1761 1527 1847 ingenia,
1544 1765 1636 1831 Beet-

226 1860 350 1925 11111111
382 1862 589 1926 111111111111
623 1880 752 1943 operum
775 1865 960 1926 concentum
994 1881 1067 1925 cum
1091 1861 1326 1927 audiverimus?

329 1965 431 2045 Quam
461 1966 500 2030 ob
523 1985 589 2030 rem
618 1965 725 2029 mirari
748 1966 926 2030 desinamus
958 1967 1114 2030 trecentos
1145 1968 1217 2048 post
1247 1985 1344 2031 annos
1377 1988 1471 2050 quam
1508 1971 1634 2054 Lipsius

223 2070 268 2133 rei
283 2070 421 2135 nouitate
435 2071 669 2152 obstupefactus
692 2072 768 2148 erat,
785 2070 869 2152 quod
883 2070 915 2134 11
939 2070 1040 2134 Taciti
1064 2069 1187 2154 dialogo
1211 2071 1304 2135 modo
1326 2071 1515 2150 Ciceronem,
1539 2076 1633 2141 modo

226 2174 455 2254 Quintilianum
478 2175 529 2239 rel
552 2174 647 2239 etiam
670 2174 809 2237 Plinium
831 2175 926 2239 verba
948 2175 1098 2239 facientes
1123 2174 1229 2239 audire
1251 2176 1341 2240 nobis
1364 2176 1535 2242 uideamur.
1571 2178 1634 2244 Cur

226 2279 308 2343 enim
344 2279 427 2362 quod
450 2283 629 2344 nostrorum
663 2279 831 2361 unicuique
855 2278 1064 2356 concedimus,
1096 2282 1132 2342 ut
1156 2278 1288 2343 aliorum
1312 2281 1366 2363 qui
1388 2284 1633 2362 antecesserunt,

225 2383 349 2465 scriptis
374 2386 406 2448 11
430 2384 575 2466 operibus
611 2383 728 2447 emdiri
750 2382 853 2458 liceat,
889 2382 972 2447 idem
997 2382 1106 2447 Tacito
1129 2383 1185 2446 uni
1217 2402 1279 2448 non
1302 2385 1520 2466 permittemus
1545 2389 1635 2469 quasi

224 2487 343 2552 homini
366 2488 498 2552 caelitus
516 2489 615 2552 nato?
638 2487 769 2551 Veteres
793 2504 917 2570 quoque
941 2486 1059 2550 discere
1083 2486 1169 2568 prius
1194 2491 1428 2568 consueverant,
1451 2491 1636 2574 priusquam

224 2610 303 2674 quae
328 2592 500 2657 didicerant
521 2591 707 2656 mandarent
728 2591 852 2655 litteris.
1456 2615 1457 2618 ¹

325 2695 430 2779 Atque
452 2697 511 2760 hac
533 2696 564 2759 in
587 2715 620 2760 re
643 2697 768 2760 nostrae
794 2694 907 2759 aetatis
931 2694 1085 2776 imprimis
1109 2696 1322 2782 grammaticis
1344 2697 1534 2777 hominibus,
1558 2699 1634 2781 quia

224 2800 298 2865 deos
323 2801 475 2884 quosdam
511 2821 618 2866 omnes
642 2803 704 2866 fere
737 2799 883 2883 antiquos
919 2800 1085 2882 scriptores
1114 2799 1174 2864 sibi
1196 2799 1359 2880 finxerunt,
1394 2802 1475 2866 illud
1508 2803 1633 2870 videtur

223 2903 382 2982 accidisse,
407 2909 443 2970 ut
459 2905 674 2987 desperatione
697 2924 787 2969 uerae
805 2904 933 2989 originis
956 2923 1109 2987 nusquarr
1126 2923 1185 2968 non
1201 2905 1416 2989 fatigarentur,
1440 2908 1583 2991 quotiens
1598 2909 1632 2972 11

224 3009 424 3090 antiquomm
441 3009 566 3092 seriptis
584 3009 724 3074 homines
747 3009 937 3073 invenerant.
952 3010 1061 3092 ltaque
1085 3009 1141 3073 Th.
1165 3009 1317 3093 Vogelius
1341 3030 1438 3092 nuper
1456 3012 1514 3076 sub
1538 3013 1634 3077 finem
1699 3072 1702 3077 .

224 3113 445 3194 disputationis
482 3133 604 3178 summa
637 3113 730 3177 laude
755 3114 876 3198 dignae,
912 3133 973 3197 qua
997 3113 1114 3198 dialogi
1146 3133 1217 3177 cum
1252 3114 1330 3178 locis
1354 3113 1575 3194 Quintilianeis
1600 3122 1633 3182 11

224 3219 376 3283 Ρ11111111
394 3218 631 3282 similitudinem
655 3218 889 3282 accuratissime
906 3219 1098 3299 comparavit
1117 3218 1148 3304 ¹),
1165 3220 1333 3300 postquam
1350 3220 1508 3283 hominem
1533 3241 1632 3306 agno·

222 3322 278 3401 vit,
302 3342 362 3387 non
386 3323 490 3405 potnit
512 3342 573 3386 uon
590 3324 780 3387 exclamare:
808 3324 897 3400 ,Non
920 3323 1002 3387 tanti
1024 3323 1163 3405 profecto
1180 3323 1257 3387 milri
1281 3327 1329 3388 111
1344 3324 1452 3388 Tacito
1469 3325 1633 3410 dialogum

223 3428 389 3505 vindicare,
415 3428 441 3492 si
466 3447 501 3492 ea
523 3447 556 3491 11
578 3428 684 3512 magni
707 3428 793 3493 illius
817 3427 951 3492 hominis
974 3428 1090 3511 imago,
1121 3447 1215 3510 quam
1237 3431 1341 3492 mente
1365 3428 1502 3510 concepi,
1538 3431 1632 3512 plane

224 3533 424 3597 confunditur
449 3535 481 3596 et
504 3532 681 3597 oblinitur.“

330 3636 411 3717 Quin
434 3637 540 3720 potius
563 3637 716 3722 imagines
740 3638 813 3701 11111
828 3640 933 3701 mente
958 3639 1124 3718 conceptas
1147 3636 1304 3702 mittimus
1321 3657 1415 3721 quam
1438 3637 1626 3704 veritatem?

223 3742 342 3805 Aufidii
364 3742 456 3806 Bassi
478 3741 563 3806 bella
579 3740 772 3819 Germanica,
798 3741 931 3805 aliorum
950 3743 1114 3805 auctorum
1130 3759 1232 3824 opera,
1259 3742 1371 3823 quibus
1394 3742 1425 3804 in
1442 3759 1626 3824 componeu·

225 3847 273 3911 dis
297 3847 458 3925 Historiis,
481 3846 666 3925 Annalibus
703 3846 870 3912 Germania
904 3864 980 3910 usus
1004 3865 1072 3909 esse
1097 3846 1225 3911 Tacitus
1260 3845 1485 3910 existimandus
1509 3848 1567 3926 ost,
1602 3845 1630 3910 si

227 3953 332 4017 omnia
354 3955 504 4031 extarent,
540 3971 612 4015 eum
634 3952 735 4036 magis
768 3951 863 4016 111111
887 3951 1134 4034 perspiceremus
1159 3951 1293 4015 similem
1329 3950 1462 4014 aliorum
1493 3951 1628 4015 humano

225 4057 353 4121 modulo
378 4075 446 4121 esse
468 4056 672 4121 metiendum.
695 4056 789 4121 Nunc
805 4055 879 4138 quia
900 4057 1044 4120 fortunae
1067 4054 1218 4120 beneficio
1242 4073 1422 4137 cornparare
1441 4056 1531 4121 nobis
1555 4055 1631 4120 licet

224 4160 381 4226 Ciceronis
394 4160 492 4225 libros
504 4161 685 4241 rhetoricos,
700 4159 885 4240 Quintiliani
901 4160 1133 4225 institutionem
1147 4160 1324 4240 oratoriam,
1339 4161 1440 4225 Taciti
1458 4160 1628 4243 dialogum,

223 4267 261 4331 de
284 4270 410 4331 auctore
434 4266 645 4348 desperamus.

328 4371 474 4437 Ceterum
506 4390 561 4453 per
584 4370 752 4454 Vogelium
775 4369 878 4452 ipsum
903 4369 1003 4448 stet‘t,
1037 4369 1204 4452 quominus
1241 4368 1413 4434 liberaliter
1442 4367 1629 4432 iudicaverit

223 4478 260 4541 de
285 4480 411 4541 auctore
429 4475 555 4559 dialogi.
580 4476 624 4540 Ut
646 4475 729 4539 euim
752 4474 883 4539 subinde
899 4494 1042 4539 moneam
1066 4473 1142 4537 mihi
1165 4493 1361 4557 nequaquam
1378 4491 1446 4536 esse
1468 4471 1500 4535 in
1524 4469 1628 4536 animo

224 4582 261 4645 de
299 4581 392 4645 laude
425 4582 511 4645 illius
534 4581 592 4646 viri
616 4581 700 4645 docti
732 4579 902 4663 quidquam
937 4580 1108 4658 detrahere,
1142 4579 1245 4644 inesse
1267 4577 1345 4642 mihi
1378 4576 1564 4641 videbantur
1596 4574 1628 4638 in

223 4686 435 4768 disputatione
470 4686 535 4764 illa,
571 4707 664 4768 quam
687 4687 867 4765 memoravi,
902 4688 1087 4768 argumenta
1109 4684 1259 4748 nonnulla
1292 4683 1323 4745 in
1346 4681 1495 4746 invidiam
1525 4680 1628 4762 magis

223 4811 317 4874 quam
340 4809 478 4855 amorem
502 4791 648 4870 auctoris,
673 4792 728 4874 qui
750 4791 918 4874 quaeritur,
942 4809 1049 4872 prona.

330 5019 348 5085 ¹)
368 5017 408 5069 Dc
429 5016 530 5084 dialogi
549 5019 594 5086 qui
609 5016 695 5070 Taciti
715 5018 822 5070 nomine
841 5017 925 5070 fertur
943 5032 1063 5068 sermone
1082 5014 1220 5069 iudicium.
1235 5014 1433 5068 Commentatio
1453 5032 1484 5068 ex
1497 5014 1627 5083 supplem.

225 5108 311 5165 annal.
335 5106 429 5176 philol.
449 5121 567 5159 seorsum
588 5121 717 5175 expressa,
736 5105 810 5174 Lips.
831 5103 908 5157 1881.
