3564 5646
847 282 1001 335 -14....

225 490 321 556 Recte
338 492 419 556 enim
436 492 580 556 viderunt
592 493 649 556 hac
668 493 748 583 inre
772 495 804 556 et
818 489 1057 577 Nipperdeius¹)
1074 494 1105 555 et
1117 489 1368 577 nodomarius),
1390 511 1491 575 neque
1509 492 1633 558 Steiner

226 600 257 660 et
280 596 440 661 lansenius
456 595 480 679 3)
523 597 750 679 Nipperdeium
783 598 843 662 sibi
876 617 937 661 nou
972 597 1151 661 constitisse
1174 600 1257 661 recte
1272 600 1417 675 monent,
1454 597 1481 661 si
1504 597 1631 680 quidem

226 702 348 765 constet
371 701 559 783 Vipstauum
582 702 762 780 Messalam,
797 703 851 785 qui
881 722 951 766 curn
981 701 1065 782 Apro
1090 703 1122 763 ct
1144 702 1286 765 Materno
1311 701 1486 783 disputaret
1508 701 1539 764 in
1564 701 1626 766 dia·

224 806 307 889 logo,
327 810 404 886 post
427 825 542 870 anuum
565 805 706 871 XCVIII.
730 806 783 870 diu
807 807 991 872 interrivos
1015 807 1130 871 fuisse:
1156 827 1216 888 qua
1240 826 1272 869 re
1297 825 1376 888 quae
1399 805 1483 888 Apro
1508 809 1539 870 et
1561 807 1631 869 Ma-

224 915 312 975 terno
325 911 403 975 vivis
428 911 551 994 vulgari
574 930 634 975 uon
657 912 842 992 potuissent,
857 913 1017 976 eademne
1033 911 1171 976 Messala
1184 911 1320 993 ‘quidem
1344 911 1467 975 vivente
1483 911 1515 974 in
1531 911 1632 992 publi-

226 1035 296 1084 cum
320 1015 461 1098 potuisse
485 1015 596 1079 emitti.

326 1146 485 1226 Quaenam
507 1166 557 1211 res
580 1147 688 1211 insunt
710 1148 866 1212 Messalae
890 1148 1089 1230 antiquorum
1112 1145 1284 1209 laudatoris
1316 1145 1519 1224 orationibus
1552 1166 1631 1229 quae

229 1251 394 1317 offensioni
431 1271 499 1316 esse
530 1252 654 1334 possint
685 1257 740 1317 aut
762 1252 943 1335 potuerint?
967 1252 1033 1315 lam
1055 1251 1153 1316 Attici
1177 1253 1208 1314 et
1230 1250 1320 1313 Bruti
1344 1250 1426 1332 apud
1451 1249 1632 1315 CIceronem

226 1356 376 1438 exempla,
410 1375 488 1438 quae
523 1357 715 1439 comparavit
747 1357 832 1438 Apro
867 1361 899 1421 et
932 1358 1075 1420 Materno
1099 1354 1261 1419 lansenius
1285 1355 1381 1417 —in
1416 1356 1515 1419 Bruto
1550 1374 1630 1438 quae

224 1464 329 1543 partes
352 1461 384 1524 in
409 1460 597 1543 disputando
621 1465 695 1525 sunt
716 1461 815 1526 Attici
838 1464 870 1525 et
891 1462 981 1526 Bruti
998 1461 1192 1526 virentium?
1216 1461 1335 1523 Tacent
1358 1478 1464 1541 prope,
1488 1460 1628 1541 dIsputat

225 1565 342 1630 Cicero.
365 1564 553 1629 Academica
576 1584 647 1630 vero
665 1565 823 1631 Ciceronis
846 1570 929 1631 recte
953 1566 1123 1630 afferuntur
1147 1565 1185 1629 ad
1209 1565 1404 1647 probandum
1428 1564 1629 1629 contrarium.

224 1669 307 1734 Nam
341 1669 425 1752 quod
458 1670 571 1734 audere
605 1670 733 1738 Tacitus
765 1671 886 1736 iuvenis
920 1671 984 1735 Titi
1017 1670 1212 1752 temporibus
1246 1689 1307 1734 non
1330 1669 1443 1752 potuit,
1466 1672 1503 1732 ut
1526 1669 1632 1733 ederet

227 1775 365 1840 virorum
381 1774 553 1839 amicorum
570 1798 687 1839 orcooo
700 1776 932 1862 disputationis,
956 1776 989 1839 id
1005 1777 1133 1841 Tacitus
1149 1777 1242 1840 homo
1265 1775 1440 1857 praetorius
1456 1773 1506 1838 rel
1522 1774 1632 1838 consul

225 1880 406 1964 designatus
436 1881 569 1945 mortuis
602 1880 723 1945 duobus
754 1882 792 1946 ab
815 1900 877 1945 uno
900 1881 1039 1945 Messala
1062 1880 1131 1945 vivo
1155 1883 1284 1964 rogatus
1307 1898 1368 1943 nou
1392 1878 1495 1942 minus
1520 1879 1630 1943 decore

225 1985 329 2067 potuIt
351 1985 462 2063 facere.
487 2004 581 2069 quam
604 1985 711 2050 Cicero
734 1986 827 2051 homo
852 1986 1025 2051 consularis
1047 1985 1185 2050 hortanti
1208 1983 1341 2049 Varroni
1364 2002 1425 2047 non
1449 1983 1557 2048 desilit.

332 2114 393 2180 Sed
418 2116 566 2199 quoniam
580 2124 648 2181 'nou
673 2116 846 2195 defuerunt,
872 2117 925 2200 qui
950 2120 1022 2200 post
1039 2116 1220 2201 Agricolam
1244 2118 1275 2179 et
1300 2115 1500 2181 Gennaniam
1524 2115 1632 2178 editio-

228 2239 300 2284 nem
334 2216 462 2304 Dialogi
496 2219 663 2299 diffament,
699 2222 811 2285 horum
834 2240 956 2305 quoque
972 2221 1004 2284 in
1018 2221 1195 2304 opinionem
1211 2220 1320 2302 paucis
1337 2223 1386 2285 cst
1399 2219 1631 2302 inquirendum.

225 2323 410 2410 Uenuleio)
446 2325 572 2408 quidem
603 2329 634 2390 et
667 2325 915 2413 Mommsenio⁵)‚
951 2327 1005 2408 qui
1039 2325 1208 2410 DIalogum
1239 2344 1318 2389 anno
1351 2326 1414 2389 fere
1462 2323 1631 2389 centesimo

226 2431 335 2493 octavo
366 2428 468 2494 Plinio
501 2430 650 2495 aTacito
685 2431 903 2515 corrigendum
936 2431 1087 2495 traditum
1120 2450 1187 2495 esse
1211 2430 1356 2514 augurati
1380 2434 1454 2494 sunt
1477 2449 1513 2492 en
1535 2428 1632 2492 Plinii

226 2552 273 2615 ep.
297 2530 382 2598 VlIl.
407 2537 435 2611 7,
468 2537 551 2599 recte
575 2536 664 2601 nobis
688 2536 810 2601 videtur
832 2535 1030 2618 respondisse
1053 2534 1089 2599 B.
1121 2533 1299 2620 Wutlriusl)
1333 2533 1389 2598 illo
1424 2551 1504 2597 anno
1539 2532 1631 2596 Taci-

224 2642 293 2702 tum
303 2657 321 2702 a
333 2638 398 2703 foro
416 2643 448 2703 et
461 2626 586 2704 indicus
603 2640 706 2706 adres
723 2645 829 2725 gestas
846 2641 1075 2722 componendas
1092 2659 1236 2704 aversum
1249 2638 1351 2702 officia
1367 2637 1472 2703 civilia
1487 2655 1549 2701 uon
1567 2637 1631 2700 iam

226 2760 360 2806 curasse.
386 2741 447 2806 Sed
460 2762 499 2806 ne
512 2743 641 2808 Wutlrio
666 2744 792 2827 quidem
814 2745 885 2827 ipsi,
921 2746 974 2829 qui
998 2745 1079 2808 circa
1102 2764 1218 2808 annum
1241 2743 1448 2807 centesimum
1471 2741 1632 2825 dialogum

225 2846 389 2930 vulgatum
413 2865 481 2911 esse
506 2847 677 2926 contendit,
701 2849 935 2913 assentiendum
959 2849 1026 2913 erit.
1073 2850 1131 2912 Est
1154 2848 1235 2912 enim
1261 2846 1485 2929 disputationis
1507 2846 1631 2911 Wutlri-

226 2968 302 3013 anae
317 2949 556 3015 fundamentum
572 2952 708 3034 epistula
723 2952 819 3016 Plinii
835 2955 858 3018 l.
876 2956 926 3030 20,
952 2954 984 3017 in
1010 2973 1071 3036 qua
1088 2953 1160 3036 quia
1176 2952 1298 3016 Plinius
1313 2954 1412 3036 rogat,
1430 2955 1467 3016 ut
1482 2951 1633 3016 rescribat

226 3054 364 3132 Tacitus.
386 3058 493 3119 utrum
517 3057 690 3121 orationem
712 3059 813 3143 magis
836 3059 947 3140 probet
977 3058 1099 3141 largum
1130 3078 1168 3122 an
1192 3057 1321 3134 breuem,
1344 3057 1420 3120 haee
1443 3055 1538 3119 Plinii
1560 3074 1632 3137 per-

226 3160 362 3228 contatio
387 3161 600 3225 certIssimum
616 3163 747 3227 Wutlrio
772 3166 820 3226 est
843 3163 1064 3247 documentum
1088 3181 1167 3226 anno
1190 3161 1331 3227 xcvln.
1353 3161 1514 3244 dialogum
1530 3159 1632 3224 Taciti

226 3265 326 3329 amico
351 3268 459 3329 notum
482 3284 544 3329 uon
567 3266 672 3331 fuisse.
719 3268 755 3330 ln
780 3267 903 3352 dialogo
929 3269 1010 3332 enim
1034 3266 1170 3331 affirmat
1192 3267 1341 3331 Wutlrius
1364 3265 1453 3329 illam
1476 3263 1632 3347 quaestio-

227 3389 299 3434 nem
323 3369 399 3452 Apri
424 3373 455 3433 et
477 3370 634 3435 Messalae
658 3372 923 3454 disputationibus
948 3391 1016 3437 esse
1041 3371 1253 3435 diiudicatum.

330 3502 430 3582 Quam
455 3506 563 3568 contra
586 3505 890 3587 argumentationem
904 3504 980 3568 haec
997 3502 1180 3567 affirmanda
1196 3505 1277 3566 sunt.
1302 3499 1451 3580 Quaestio
1474 3500 1541 3579 illa,
1563 3517 1632 3580 pro-

227 3606 361 3671 babilior
384 3607 424 3671 sit
448 3608 547 3672 oratio
570 3609 664 3692 longa
687 3628 725 3672 an
748 3608 861 3687 bruris,
885 3627 985 3690 neque
1010 3606 1127 3691 dialogi
1151 3606 1285 3670 Tacitini
1308 3605 1439 3697 materIa
1463 3604 1633 3668 diiudicata

228 3714 276 3775 est
298 3731 398 3795 neque
423 3712 653 3791 diiudicabitur‚
678 3714 780 3796 quoad
803 3714 945 3778 homiues
968 3716 1068 3777 erunt.
1115 3710 1216 3791 Quam
1246 3730 1314 3775 rem
1348 3714 1379 3774 et
1402 3710 1529 3774 Tacitus
1553 3709 1633 3773 vidIt

228 3814 403 3881 etPlinius.
427 3816 485 3880 llle
509 3817 591 3880 enim
614 3817 653 3880 ob
676 3817 709 3881 id
732 3817 837 3899 ipsum
852 3821 916 3882 tres
933 3817 1125 3882 diversarum
1141 3835 1305 3880 causarum
1320 3818 1477 3897 patronos,
1501 3813 1631 3896 Apmm,

227 3920 407 3997 Messalam,
432 3922 608 3985 Maternum
631 3921 754 3986 induxit
786 3923 817 3986 in
843 3941 993 4000 sermone,
1026 3924 1063 3985 ut
1094 3921 1225 3985 liberam
1248 3919 1438 4002 relinqueret
1470 3918 1564 3982 huius
1587 3919 1633 3981 rei

228 4024 486 4106 disceptationem
508 4025 694 4110 legentibus,
720 4047 781 4110 qua
797 4046 829 4091 re
845 4027 895 4091 hle
917 4046 973 4108 per
988 4027 1119 4091 ironiam
1133 4030 1234 4111 rogat,
1258 4027 1294 4088 ut
1308 4024 1491 4115 breyissime
1507 4042 1633 4106 respon-

228 4129 309 4205 deat,
341 4128 368 4192 si
401 4127 538 4212 longam,
572 4129 755 4214 longissime
788 4134 902 4208 autem,
952 4132 978 4196 si
1011 4132 1138 4196 brevem
1172 4132 1239 4214 ipsc
1275 4132 1426 4195 anteferat
1460 4129 1633 4194 orationem

229 4231 324 4317 (Plin.
349 4252 397 4314 ep.
421 4233 445 4296 l.
470 4235 520 4297 20.
546 4225 621 4319 25).
636 4234 739 4298 Plinio
762 4235 860 4319 igitur
883 4255 962 4300 anno
987 4236 1112 4302 XCVII.
1136 4235 1186 4298 vel
1209 4235 1351 4301 XCVIII.
1369 4236 1471 4300 Taciti
1493 4233 1572 4298 liber
1595 4234 1633 4298 de

227 4336 407 4401 oratoribus
430 4339 522 4402 notus
547 4337 615 4402 fuit.
1167 4392 1169 4395 .
1218 4327 1219 4331 ’
1515 4325 1518 4330 ’

335 4600 353 4665 ¹)
374 4597 453 4653 Corn.
473 4598 581 4652 Tacitus
598 4599 622 4656 1.
642 4600 731 4656 Berol.
752 4599 827 4664 1864,
847 4618 873 4670 p.
892 4600 967 4654 VIII.

333 4685 649 4757 2)Ι)111.ε(1.11.1879
677 4705 704 4756 p.
723 4688 748 4741 3.
780 4687 883 4742 Eadem
912 4688 1015 4741 censuit
1041 4687 1090 4741 Ed.
1111 4687 1196 4742 Wolff
1212 4688 1240 4741 in
1265 4689 1329 4743 edit.
1358 4690 1437 4745 Corn.
1466 4689 1552 4743 Taciti
1571 4687 1635 4740 Hist

227 4775 316 4831 Berol.
335 4774 356 4829 Ι.
377 4774 452 4838 1886,
471 4775 554 4844 praef.
573 4793 599 4844 p.
618 4777 635 4828 4
654 4794 712 4845 squ.

332 4862 532 4932 3)1.1.Ῑ>.28.

331 4951 353 5020 ⁴)
374 4950 572 5005 Commentatio
592 4950 625 5004 de
644 4951 701 5004 ulta
720 4955 748 5004 et
766 4951 912 5005 honoribus
932 4951 1018 5004 Taciti
1037 4969 1063 5020 p.
1083 4952 1107 5004 5.

334 5039 355 5107 ⁵)
373 5033 485 5092 Hermes
504 5038 553 5092 III.
572 5055 598 5107 p.
618 5039 660 5092 51.

332 5129 354 5197 ὓ)
374 5126 517 5195 Dialogum
538 5143 553 5178 a
572 5126 633 5180 Tac.
653 5126 761 5180 Traiani
779 5127 946 5196 temporibus
968 5127 1096 5196 scriptum
1117 5144 1174 5182 csse
1194 5127 1293 5197 Spand.
1314 5127 1425 5198 188711.
1446 5129 1486 5183 12.
