3564 5646
829 281 985 337 -22-η

306 491 372 556 Nec
394 494 447 556 leuc
465 493 528 557 illis
551 491 743 580 alterius
767 503 813 556 ter
834 493 933 556 utilius
955 493 1127 555 sestertium
1147 499 1297 575 praestat.

306 615 437 680 Addidit
458 616 603 699 Lipsius:
629 616 673 693 ,ln
696 616 804 679 morbo
827 614 916 678 locus
940 615 972 679 et
994 611 1126 676 defectu.
1152 611 1275 676 Scribas
1299 614 1331 675 et
1355 611 1530 696 distinguas
1549 635 1603 674 uec

211 719 265 781 bac
287 718 375 782 iltis?
408 731 454 784 ter
475 720 597 800 nuttios,
631 720 760 784 alterius
791 720 840 784 bis
867 718 983 783 millies
1018 719 1049 781 H
1081 717 1111 782 S.
1150 716 1236 796 Quae
1270 716 1384 794 addidi,
1420 716 1497 780 satis
1531 716 1609 779 mihi

205 827 395 902 6666666116,
420 844 549 889 numero
573 827 697 889 tantum
721 827 860 906 excepto,
884 844 957 887 nam
981 826 1063 886 certe
1079 821 1243 904 utriusque
1261 841 1336 904 opes
1353 821 1522 903 exprimere
1537 840 1610 903 pro-

204 930 343 1012 positum
366 929 485 993 habuit.
511 930 694 1011 Redolphus
719 930 875 993 scribebat
898 948 964 1005 ,nec
987 929 1046 991 hoc
1069 928 1133 991 illis
1149 927 1313 1010 utriusque
1329 929 1378 991 ter
1392 927 1507 990 millies
1523 927 1554 990 H
1568 926 1608 999 e:

206 1036 290 1119 quod
313 1036 492 1117 amplectar,
518 1035 544 1098 si
569 1055 584 1098 e
608 1035 716 1099 libris.'
739 1036 826 1099 Haec
849 1035 947 1119 igitur
968 1034 1104 1116 Lipsius.
1138 1033 1232 1096 Peius
1255 1032 1401 1110 Piehena,
1436 1031 1489 1113 qui
1514 1030 1610 1094 schol.

205 1140 343 1205 luvenal.
378 1140 431 1203 lV.
456 1141 493 1203 81
521 1141 648 1204 secutus
673 1139 812 1218 ,alterius
835 1139 894 1202 bis’
919 1137 1087 1220 supplevit.
1133 1137 1250 1200 Melius
1273 1138 1393 1200 veteres
1417 1135 1470 1218 qui
1494 1133 1611 1199 Redol-

206 1245 304 1327 phum
326 1242 505 1326 Agricolam
529 1243 629 1307 secuti
653 1246 736 1307 sunt.
760 1244 796 1307 ln
822 1242 957 1306 editione
993 1241 1161 1305 Oxouiensi
1184 1240 1456 1305 Declamationum
1480 1237 1611 1319 Qriintil.

207 1368 287 1413 anno
325 1347 541 1425 MDCLXXV,
580 1348 611 1411 in
644 1368 777 1431 quarum
814 1349 874 1411 fine
914 1346 1039 1410 additus
1076 1346 1126 1410 hie
1166 1345 1318 1430 dialogus,
1358 1345 1524 1410 occurrunt
1547 1362 1613 1421 ,nec

206 1455 265 1517 hoc
281 1453 344 1516 illis
362 1451 509 1530 alterive',
528 1471 606 1534 quae
621 1453 832 1535 probaverunt
847 1451 1006 1530 Barthius,
1023 1451 1170 1527 Huetius
1187 1449 1370 1528 Bretierius,
1388 1449 1613 1533 Schultingius.

312 1593 432 1669 Tacito,
465 1592 519 1675 qui
552 1592 711 1678 dialogum
742 1593 869 1670 tribuet,
903 1591 969 1656 sine
1001 1591 1067 1655 ulla
1091 1591 1295 1668 dubitatione,
1321 1590 1440 1672 opinor,
1464 1589 1615 1654 concedet

207 1702 274 1778 hos,
299 1699 353 1782 qui
376 1697 511 1762 aurificis
536 1699 653 1761 statera
687 1697 850 1780 utriusque
885 1696 1060 1760 delatorum
1092 1715 1202 1759 aurum
1234 1695 1429 1776 pensandum
1460 1713 1521 1758 non
1545 1714 1614 1759 esse

209 1804 395 1880 censuerint,
419 1802 557 1884 proxime
580 1801 695 1866 afuisse
720 1822 737 1865 a
760 1821 842 1865 vero.
867 1801 969 1865 Taciti
992 1801 1179 1865 senteutiam
1195 1799 1227 1862 hi
1242 1799 1435 1877 invenerunt,
1461 1799 1615 1863 deforma

209 1910 438 1974 aberraverunt.
461 1906 568 1970 Nihilo
591 1906 695 1970 minus
712 1906 852 1970 omnium
864 1906 894 1969 in
911 1906 1111 1982 editionibus,
1129 1924 1206 1987 quas
1222 1906 1331 1968 nostra
1354 1906 1456 1968 aetate
1479 1903 1615 1986 reperies

212 2016 304 2079 floret
319 2015 465 2097 vigetque
477 2011 587 2093 lipsii,
605 2012 688 2093 quod
710 2011 777 2093 ipse
800 2011 851 2075 hic
875 2009 1082 2087 addubitavit,
1100 2009 1355 2091 supplementum
1377 2009 1427 2072 rel
1449 2007 1614 2072 Piehenae.

215 2119 350 2184 Gavisus
374 2137 444 2182 suin
467 2135 572 2198 prope,
598 2134 669 2178 eum
692 2115 849 2179 Ritterum
873 2114 1026 2178 affirmare
1049 2114 1186 2198 legerem
1202 2112 1223 2197 ¹)
1248 2113 1427 2178 Tacitinum
1449 2113 1536 2177 istud
1553 2132 1615 2176 non

212 2243 280 2287 esse
315 2222 409 2287 nimis
444 2220 553 2304 exigue
585 2221 617 2283 et
651 2219 771 2282 einIter
806 2218 845 2282 ad
879 2218 1016 2282 calculos
1050 2238 1160 2283 vocare
1191 2218 1318 2282 illorum
1342 2217 1505 2300 utriusque
1530 2237 1616 2299 opes.

212 2329 408 2410 Quamquam
449 2344 487 2388 ne
519 2324 622 2388 Ritter
657 2323 782 2405 quidem
817 2323 854 2387 de
886 2323 999 2388 lacuna
1022 2323 1168 2387 dubitans
1201 2322 1334 2387 coniecit
1363 2345 1428 2400 ,nee
1461 2325 1516 2386 boc
1553 2321 1604 2384 itti

212 2431 317 2513 ampla
351 2428 494 2493 Marcelli
527 2427 654 2508 praedia
685 2447 741 2491 nce
764 2427 894 2490 atterius
918 2439 965 2490 ter
987 2427 1086 2490 milies
1110 2431 1281 2491 sestertium
1301 2428 1465 2514 praestat'
1513 2428 1616 2509 Atque

212 2535 261 2599 illi
284 2534 411 2617 quidem
433 2534 594 2596 haetenus.

315 2674 414 2737 Miror
436 2675 567 2749 vetereS,
591 2671 767 2750 Barthium,
791 2672 991 2751 Bretierium,
1016 2673 1100 2755 quod
1122 2675 1187 2738 tam
1211 2692 1307 2755 prope
1340 2674 1468 2737 aberant
1500 2693 1517 2736 a
1544 2692 1617 2737 vero

211 2799 312 2863 neque
335 2777 449 2842 rationi
472 2777 627 2841 scribendi
650 2777 829 2841 satisfacere
852 2779 1032 2858 potuerunt.
1051 2777 1133 2856 Quid
1157 2777 1240 2841 enim
1254 2777 1378 2842 facilius
1398 2797 1492 2860 quam
1509 2778 1618 2841 ambos

212 2884 291 2948 istos
315 2883 470 2946 delatores
493 2881 539 2945 ita
561 2880 830 2962 comprehendere,
854 2883 891 2945 ut
913 2882 1055 2966 legamus
1090 2904 1142 2944 uec
1174 2884 1229 2945 troc
1262 2881 1326 2944 iltis
1349 2881 1480 2945 alterius
1515 2881 1618 2945 utrius

213 2998 259 3050 ter
279 2985 379 3049 milies
402 2988 574 3050 sestertium.
595 2996 748 3070 praestat,
772 3005 834 3068 qua
856 2985 976 3050 ratione
1000 2986 1160 3069 aliquanto
1184 2986 1336 3050 maiorem
1350 2986 1443 3051 fidem
1460 2986 1619 3051 communi

215 3092 355 3157 omnium
377 3091 528 3156 librorum
552 3089 725 3171 scripturae
748 3089 812 3153 iam
834 3089 1046 3154 tribuerimus.
1080 3091 1150 3154 Hoc
1181 3091 1323 3169 ,atterius
1356 3091 1468 3155 utrius'
1505 3089 1619 3173 quibus

215 3197 394 3261 hominihus
419 3194 518 3259 doctis
542 3196 574 3258 et
596 3194 872 3279 palaeographicae
907 3194 982 3259 artis
1005 3194 1158 3276 imprimis
1191 3196 1295 3279 gnaris
1326 3196 1456 3280 longum
1487 3195 1620 3272 videtur,

215 3302 260 3366 eis
283 3299 503 3365 circumcidere
527 3301 559 3362 et
581 3302 743 3381 amputare
765 3297 874 3363 licebit
895 3299 951 3377 ite,
982 3299 1103 3363 utiam
1126 3299 1308 3363 alterutrius
1331 3300 1447 3385 legant,
1472 3299 1620 3382 quoniam

216 3405 337 3469 Plinius
363 3423 485 3487 quoque
497 3404 592 3467 habet
605 3422 652 3485 ep.
665 3404 735 3468 Vll.
749 3405 789 3466 20
805 3403 875 3481 ,nisi
891 3404 961 3486 quis
977 3404 1056 3468 forte
1073 3404 1217 3467 alterutri
1231 3409 1374 3469 nostrum
1390 3404 1619 3470 amicissimus'.

216 3510 309 3573 Nunc
331 3509 464 3573 fortasse
488 3507 627 3590 aliquam
649 3507 743 3572 fidem
765 3508 853 3572 libris
877 3507 916 3571 ad
939 3528 1036 3572 unum
1060 3509 1203 3573 omnibus
1226 3510 1395 3574 habebunt.

321 3648 401 3711 Mihi
424 3650 530 3712 autem
552 3647 631 3711 libet
654 3645 846 3724 alterutrius,
871 3647 954 3730 quod
969 3647 1096 3730 protuli,
1110 3647 1225 3712 iterum
1241 3650 1422 3713 contrahere
1437 3649 1469 3712 in
1485 3648 1620 3727 brevius,

112 3770 114 3780 ¹
217 3755 254 3817 ut
287 3753 350 3817 iarn
383 3751 440 3816 fiat
474 3750 676 3828 alterius,
712 3751 796 3832 quod
831 3755 880 3816 est
913 3751 944 3814 in
979 3752 1080 3816 libris.
1114 3752 1240 3817 Invenio
1276 3753 1356 3817 enim
1392 3754 1475 3836 apud
1497 3755 1623 3819 Livium

218 3856 333 3921 XXIX.
359 3858 409 3933 23,
434 3858 453 3920 8
476 3856 571 3920 haec:
595 3855 638 3919 Se
660 3855 795 3940 (seilicet
816 3876 922 3941 regem
946 3855 1133 3942 Syphacem)
1169 3867 1196 3919 et
1217 3861 1339 3942 nceptiis
1360 3860 1436 3920 ciuis
1461 3857 1623 3944 066116691-

218 3962 344 4037 niensis,
360 3959 451 4041 filiae
480 3958 700 4038 Hasdrubalis,
724 3983 813 4044 quern
835 3961 948 4023 uiderit
972 3961 1060 4046 apud
1081 3984 1114 4024 se
1136 3963 1170 4023 in
1185 3962 1328 4045 hospitia,
1353 3973 1379 4025 et
1390 3963 1514 4050 publico
1531 3965 1624 4026 etiarn

210 4065 340 4149 foedere
374 4087 441 4126 eccur
469 4064 587 4148 populo
622 4060 876 4149 Carthaginiensi
904 4066 1040 4128 iunctum
1071 4076 1180 4150 optare
1207 4068 1355 4150 primunt,
1388 4078 1423 4130 ut
1443 4065 1624 4153 'precatui

222 4169 347 4254 alphica,
382 4170 459 4230 sicut
481 4167 583 4229 aditae
596 4168 739 4252 fecerint,
774 4167 886 4232 bellurn
909 4170 1046 4233 Itouraioi
1075 4194 1142 4232 esem
1165 4169 1476 4256 Carthaginiensibus
1503 4183 1624 4257 gerant,

219 4297 257 4337 nc
279 4272 343 4335 sibi
365 4275 508 4335 interesse
531 4270 750 4334 certaminibus
773 4296 876 4335 eorum
899 4297 1048 4360 armaque
1072 4283 1128 4336 aut
1150 4275 1222 4336 16666
1255 4285 1311 4337 aut
1343 4276 1409 4354 itta,
1446 4277 1626 4340 obnitentem

222 4377 400 4440 atterant
423 4378 601 4451 societatem,
625 4378 714 4461 sequi
734 4379 848 4440 necessi
868 4379 917 4440 sit.
943 4378 1010 4457 Quo
1034 4377 1103 4442 1666
1128 4398 1199 4442 eum
1225 4378 1426 4456 ,alteram'
1442 4381 1509 4445 sine
1532 4380 1627 4444 dubio

221 4480 304 4544 idem
337 4481 387 4558 sit,
421 4479 504 4562 quod
538 4480 679 4558 ,alteram
712 4481 835 4559 utram’,
868 4481 931 4546 iam
963 4483 1052 4547 video
1086 4504 1178 4565 quam
1210 4484 1356 4548 notitiam
1387 4485 1522 4549 nominis
1546 4485 1629 4548 inter

221 4585 363 4649 homines
396 4585 505 4648 doctos
542 4604 578 4648 ex
611 4586 669 4649 hac
704 4586 882 4650 coniectura
914 4587 991 4650 mihi
1025 4606 1230 4668 speraveram,
1267 4608 1336 4652 eam
1367 4609 1385 4653 a
1416 4589 1525 4653 TacIto
1557 4588 1627 4670 ipso

223 4708 291 4754 esse
315 4686 493 4774 ereptam2).
518 4688 625 4770 Lipsio
650 4689 775 4772 quidem
800 4691 989 4756 satisfecisse
1012 4712 1062 4755 me
1086 4692 1228 4771 arbitror,
1253 4693 1380 4774 quiere
1404 4713 1477 4758 vera
1499 4693 1629 4757 Tacitus

335 4932 352 4998 1)
371 4931 441 4983 Μ66.
461 4930 534 4984 rhen.
552 4931 625 4984 XXI.
645 4949 671 5000 p.
690 4932 742 4985 534
760 4950 818 5002 sqq.

330 5019 350 5085 ²)
371 5016 447 5070 Conf.
468 5018 525 5070 Liv.
552 5018 625 5072 XXI.
644 5019 668 5083 8,
688 5019 720 5072 7:
750 5023 938 5074 turrrultuariae
960 5041 1075 5090 pugnae,
1103 5027 1192 5089 quales
1218 5029 1246 5076 in
1271 5028 1505 5094 oppugnationibus
1531 5026 1634 5076 urorum

220 5123 273 5177 per
293 5109 451 5157 occasionem
467 5111 556 5172 portis
574 5106 722 5162 alberius
742 5113 840 5161 censeri
857 5111 945 5165 solent.
