3564 5646
808 286 964 339 -23-

178 495 343 577 utriusque
366 514 440 577 opes
458 495 610 577 expressit
626 497 658 560 et
681 495 870 560 alterius
903 498 952 560 est
975 513 990 558 e
1014 494 1112 571 libris,
1135 495 1359 560 recentioribus
1383 497 1488 560 autem
1510 518 1586 561 num

178 600 237 663 hoe
260 598 449 663 vocabulum
470 599 659 682 placiturum
683 601 725 665 sit
749 600 814 664 dies
839 600 971 665 docebit.

283 705 351 768 lam
374 723 452 787 opus
476 704 607 768 arduum
631 704 795 788 aggredior
818 706 850 768 et
872 723 969 786 paene
994 705 1090 781 atrox,
1115 703 1188 767 dial.
1206 724 1272 786 cap.
1296 706 1320 768 l.
1349 706 1378 769 7.

289 807 351 871 Cui
379 809 607 892 percontationi
640 818 712 870 tuae
745 808 933 892 respondere
956 818 982 869 et
1005 817 1066 869 tant
1091 831 1219 891 naaprme
1241 811 1428 892 quaestionis
1458 809 1595 894 pondus

180 914 327 996 enoipere,
350 921 385 974 ut
409 921 464 973 aut
486 911 522 973 de
544 912 675 994 inpeniis
697 913 809 974 nostris
832 912 912 974 neale
935 912 1183 990 emistimandnm
1218 915 1247 974 si
1267 913 1348 975 idem
1372 913 1501 998 adsequi
1520 937 1584 978 non

179 1038 352 1101 possumus,
390 1025 446 1077 aut
479 1016 516 1077 de
549 1017 684 1089 iudiciis,
719 1016 748 1077 si
782 1015 932 1094 nolumus,
966 1017 1020 1077 uia
1043 1015 1163 1077 hercule
1185 1016 1342 1093 auderem,
1366 1019 1397 1080 si
1417 1019 1497 1080 mibi
1517 1042 1585 1081 mea

180 1123 326 1182 sententia
347 1118 536 1203 proferenda
558 1143 594 1181 ac
616 1142 676 1182 reon
699 1119 979 1197 disertissimorum,
1003 1129 1037 1182 ut
1061 1122 1176 1182 nostris
1199 1121 1395 1205 temporibus,
1431 1123 1586 1185 bominum

181 1246 278 1286 sermo
299 1223 480 1308 repetendus
505 1233 589 1301 esset,
614 1248 689 1308 quos
712 1225 839 1287 eandem
861 1227 941 1288 banc
975 1227 1181 1310 quaestionem
1210 1237 1435 1311 pertractantes
1467 1229 1587 1290 iuvenis

182 1327 346 1389 admodum
369 1327 489 1390 audivi.
514 1327 565 1390 Ita
587 1352 648 1392 non
671 1331 800 1413 inperio,
833 1331 885 1393 sed
915 1332 1063 1393 menmria
1095 1340 1122 1392 et
1143 1330 1351 1394 recordatione
1373 1354 1452 1417 opus
1475 1341 1527 1406 est,
1552 1340 1587 1393 ut

180 1454 260 1516 qaae
283 1455 303 1494 a
322 1434 606 1517 praestantissimis
628 1435 706 1496 viris
730 1445 758 1496 et
781 1437 951 1518 eucopitata
974 1434 1126 1497 subtiliter
1148 1444 1175 1496 et
1197 1435 1280 1498 dicta
1300 1439 1439 1520 praeitor
1472 1438 1585 1522 accepi,

180 1535 455 1620 cumsiuquli
485 1536 701 1601 diversas
729 1537 998 1602 oeleasdem
1025 1538 1099 1602 sed
1126 1538 1585 1624 probabilescaasas

181 1641 445 1725 adferrent,
469 1640 543 1702 dum
556 1643 698 1725 foratam
721 1645 774 1705 sui
794 1644 923 1728 quisque
946 1653 973 1706 et
997 1645 1096 1706 animi
1118 1653 1145 1706 et
1167 1645 1284 1727 inqenii
1303 1643 1469 1723 redderent,
1487 1646 1584 1707 isdem

181 1769 260 1808 nunc
282 1746 420 1809 numeris
442 1746 598 1830 isdemque
620 1747 794 1810 rationibus
814 1771 997 1833 persequar,
1022 1758 1140 1810 seruato
1164 1749 1271 1810 ordine
1295 1748 1527 1833 disputationis.

284 1851 392 1932 Lipsio
418 1851 490 1915 dum
515 1851 713 1915 concedimus
736 1853 839 1934 priore
862 1853 893 1916 in
918 1852 1073 1917 sententia
1095 1852 1294 1916 inserendum
1318 1872 1386 1917 esse
1402 1855 1442 1915 sit
1458 1857 1529 1918 anto
1548 1855 1585 1929 sl,

181 1955 244 2019 iam
268 1954 466 2038 quaeramus,
486 1977 562 2020 num
578 1957 665 2040 gravi
679 1958 710 2020 in
726 1959 833 2022 morbo
850 1958 950 2022 iacere
966 1960 1051 2022 recte
1067 1958 1209 2021 dieantur
1225 1959 1319 2022 rerba
1334 1958 1389 2021 illa
1404 1958 1586 2039 posterioris

181 2058 669 2145 sententiaecumsinguli
693 2061 1003 2127 diversasvel
1027 2062 1207 2126 easdem
1233 2062 1585 2143 sedprobabiles

182 2184 343 2229 causas
382 2164 635 2229 adferrent.
676 2166 765 2231 Certe
803 2186 894 2230 nemo
929 2167 1068 2230 medicus
1102 2166 1321 2251 dedignabitur
1352 2167 1458 2230 audire
1491 2166 1585 2229 huius

181 2269 383 2352 aegritudinis
406 2270 579 2334 historiam.

285 2374 391 2438 illusit
414 2375 557 2438 Tacitum
581 2376 699 2458 primus
723 2377 859 2458 Lipsius,
884 2398 954 2441 cum
979 2378 1125 2442 adderet:
1174 2378 1210 2439 ld
1243 2400 1313 2439 vero
1335 2399 1395 2439 reon
1415 2377 1584 2460 probabile,

179 2489 214 2541 ut
236 2480 270 2541 in
292 2502 353 2540 reno
376 2502 511 2541 sermone
534 2481 654 2543 easdem
676 2505 789 2543 cariosas
810 2484 1017 2566 repetiverint.
1043 2483 1109 2567 Epo
1133 2483 1226 2544 uerba
1250 2506 1286 2544 ea
1308 2504 1468 2566 superesse
1482 2505 1584 2544 censeo

180 2605 200 2642 o
212 2583 250 2644 el
273 2606 319 2645 ea
330 2607 345 2644 s
358 2583 378 2645 ol
390 2607 404 2645 e
416 2608 456 2648 m.
480 2583 642 2648 Acidalius
665 2586 742 2648 haee
766 2586 896 2650 statuit:
932 2586 1001 2649 Iam
1025 2586 1097 2648 olim
1119 2586 1309 2649 damnarant
1331 2587 1389 2647 bas
1411 2608 1492 2648 voces
1517 2586 1585 2647 vel

181 2687 356 2749 easdem
390 2688 520 2772 Lipsius
556 2699 583 2750 et
618 2689 767 2767 Mandas,
803 2713 958 2775 superesse
989 2714 1040 2753 eas
1065 2691 1221 2752 arbitrati.
1259 2690 1359 2752 Plane
1383 2691 1516 2753 arbitrer
1539 2693 1586 2753 ita

180 2815 298 2876 quoque
330 2795 405 2877 ipse,
441 2795 504 2855 nisi
526 2795 614 2877 forte
636 2817 674 2856 ea
696 2796 736 2855 iis
759 2795 944 2858 ululandum
975 2795 1201 2870 diversas,
1237 2795 1315 2858 sed
1346 2795 1466 2856 easdem
1498 2793 1586 2856 valde

175 2897 440 2981 probabiles,
480 2898 526 2960 cel
562 2898 767 2975 diversas,
806 2900 876 2962 sed
904 2924 956 2962 eas
992 2901 1082 2962 ualde
1114 2899 1375 2985 probabiles.
1416 2899 1586 2964 Salinerius

181 3002 384 3066 clementius:
430 3003 569 3065 Messala
601 3027 713 3066 causas
744 3006 884 3089 inquirit,
920 3007 976 3089 qni
998 3007 1063 3086 fiat
1093 3015 1127 3067 at
1150 3007 1203 3068 sui
1225 3007 1370 3090 temporis
1392 3014 1530 3066 oratores
1553 3006 1587 3066 in

179 3117 301 3169 taut-um
324 3131 344 3169 a
363 3107 527 3192 prioribus
549 3107 724 3192 depenerent
747 3112 897 3193 sociosque
915 3109 959 3171 od
974 3132 1040 3171 eam
1052 3132 1115 3171 rem
1131 3119 1217 3193 optat
1234 3110 1412 3173 llluternum
1427 3118 1454 3170 et
1473 3107 1586 3170 Securu-

180 3205 264 3291 dum,
299 3214 355 3297 qui
384 3236 463 3275 oum
485 3213 589 3274 subire
611 3236 671 3275 non
694 3213 911 3297 dediqnantur.
959 3215 1063 3275 Potuit
1097 3216 1200 3298 itaque
1235 3216 1445 3299 ornusquisque
1478 3215 1587 3274 borum

178 3319 289 3400 qfferre
319 3317 439 3399 psaltem
461 3317 686 3401 subscribendo)
702 3317 854 3404 quasdam
876 3319 1107 3380 curationibus
1133 3319 1295 3396 Messalae,
1315 3319 1426 3402 quibus
1441 3320 1587 3401 tenaporis

180 3422 301 3482 inimia
323 3421 495 3502 dqbcineus:
519 3422 640 3483 neerei
661 3421 856 3499 disconducit,
889 3424 919 3482 si
940 3433 1067 3505 uterque
1101 3446 1168 3484 eam
1187 3426 1305 3506 partim
1327 3422 1446 3498 iisdem,
1469 3423 1588 3504 purtim

179 3526 309 3587 diuersis
333 3527 468 3607 firmare
490 3526 615 3587 studuit.
650 3525 822 3589 Brotierius
861 3526 1038 3590 adnotavit:
1090 3526 1166 3589 Vel
1201 3550 1274 3588 eas
1290 3527 1379 3588 dem
1411 3524 1587 3586 redundare

179 3629 302 3692 Mureto
327 3630 492 3714 Lipsioque
514 3631 664 3693 ridentur.
691 3631 782 3693 Forte
799 3641 973 3693 tamennon
988 3633 1180 3714 itapeccant,
1204 3633 1337 3693 conanime
1358 3654 1425 3693 cum
1449 3628 1587 3690 Messala

180 3735 392 3813 etMnternus
426 3737 458 3796 in
492 3733 596 3796 nereltis
634 3734 753 3795 easdem
785 3744 949 3818 corruptae
971 3735 1156 3818 eloquentiae
1178 3759 1292 3797 causas
1315 3738 1457 3820 afferant.

283 3838 443 3903 Infelicius
459 3839 564 3903 locum
576 3858 687 3902 sanum
699 3840 911 3902 tractaverunt
930 3839 1128 3917 recentiores,
1151 3858 1282 3922 quorum
1299 3837 1584 3923 argumentationes

181 3961 241 4025 quo
276 3944 377 4027 magis
411 3943 593 4027 intellegere
628 3944 780 4021 studebis
814 3964 849 4008 eo
885 3944 985 4028 magis
1018 3947 1123 4008 mente
1156 3946 1186 4007 et
1219 3943 1321 4006 animo
1345 3941 1585 4024 perturbaberis.

179 4048 354 4111 Audiamus
377 4049 547 4111 Meiserum
571 4047 646 4110 haec
680 4048 743 4111 fere
777 4048 927 4112 rixantem
945 4047 986 4133 ยน):
1032 4047 1174 4133 Ineptum
1212 4057 1254 4109 est
1284 4049 1354 4109 berle
1389 4047 1449 4109 loco
1484 4047 1582 4109 ullum

179 4175 301 4215 sensum
333 4150 394 4214 ullo
428 4151 516 4213 neoda
547 4151 662 4223 elicere,
697 4153 730 4212 id
761 4153 841 4237 quod
873 4162 931 4214 toto
962 4152 1038 4215 libro
1070 4153 1307 4214 depromo-ana.
1332 4151 1443 4233 Neque
1466 4151 1580 4214 illelius

179 4256 387 4321 Baehrensius
402 4253 445 4341 ยฒ):
478 4258 564 4319 Haec
586 4256 678 4318 uerba
701 4281 720 4318 u
748 4257 853 4320 Tacito
885 4260 928 4319 sic
959 4257 1081 4343 quidem
1103 4259 1222 4342 scripta
1252 4279 1315 4318 esse
1337 4266 1412 4317 recte
1435 4265 1586 4339 reeqaruut

174 4361 317 4446 plerique
339 4384 448 4423 onrries.
501 4361 586 4424 Nam
608 4370 642 4424 ut
665 4361 732 4423 aliu
754 4362 823 4424 inre
844 4361 970 4424 molesta
992 4365 1121 4438 ntittum,
1145 4363 1305 4445 scriptoris
1339 4370 1382 4421 est
1405 4360 1475 4421 bene
1498 4362 1581 4438 satri,

178 4489 291 4527 cariscos
326 4466 520 4550 adferendos
554 4468 602 4528 ita
642 4467 725 4527 inter
757 4466 895 4549 sinqnlos
928 4468 1076 4528 salaconis
1111 4467 1284 4548 participes
1318 4464 1513 4541 distrilneere,
1549 4474 1583 4525 ut

179 4572 299 4634 omissis
311 4571 542 4654 repetitionibus
558 4568 656 4631 alium
672 4567 754 4630 aliens
763 4568 870 4652 jacint
886 4569 1093 4632 edisserentem
1109 4593 1132 4630 e.
1149 4578 1169 4630 t.
1185 4592 1209 4629 c.
1227 4568 1329 4648 Quam
1346 4567 1585 4649 explicationem

180 4675 212 4735 et
235 4674 445 4738 coniecturam
469 4674 609 4737 eiusdem
631 4673 786 4754 prolatam
810 4673 864 4754 qui
898 4673 1001 4736 minus
1036 4672 1233 4749 intellexerit,
1270 4692 1341 4735 eum
1375 4672 1583 4735 Baeluensius

180 4777 219 4840 ad
252 4778 411 4842 Kuehneri
445 4778 627 4859 ampliorem
659 4777 897 4861 grammaticam
929 4777 997 4840 vult
1029 4776 1176 4840 revocari.
1202 4776 1314 4853 Ceteri,
1348 4776 1400 4857 qui
1425 4775 1583 4859 dialogum

180 4881 353 4959 ediderunt,
379 4882 569 4960 deleverunt,
586 4883 818 4964 suppleverunt,
835 4880 1042 4958 coniecerunt,
1068 4881 1301 4962 explicaverunt
1323 4899 1378 4962 pro
1402 4879 1485 4944 virili
1501 4879 1583 4961 quis-

178 5006 387 5014 *โ

289 5056 306 5124 ยน)
327 5054 358 5106 K.
379 5055 483 5117 Meleon,
503 5055 565 5107 krit.
585 5054 696 5107 Studien
717 5070 775 5107 zum
795 5054 865 5106 Dial.
886 5070 910 5105 u.
930 5051 1323 5118 zu1ฮGermania,Eiclrstaedt
1343 5052 1417 5117 1871,
1437 5053 1463 5105 S.
1483 5053 1522 5106 11.

282 5142 301 5215 ยฒ)
321 5141 370 5195 Ed.
391 5141 453 5195 dial.
472 5158 497 5212 p.
516 5142 558 5195 48,
