3564 5646
94 1477 98 1485 “
183 1478 339 1595 Dialoqi
372 1478 550 1572 Tacitini
594 1477 835 1594 quiscum
876 1477 1203 1572 decretoribus
1247 1481 1355 1592 quac
1401 1477 1583 1592 1111111

728 1617 861 1710 fuerit
888 1617 1039 1712 111111.
1477 1661 1479 1665 >

282 1861 406 1926 Nostris
431 1861 623 1943 temporibus
652 1863 677 1925 si
701 1862 770 1943 quis
794 1861 824 1923 in
849 1860 949 1924 Taciti
964 1861 1107 1945 xDialogo
1131 1862 1243 1925 navata
1267 1879 1360 1943 opera
1393 1863 1447 1924 aut
1470 1879 1582 1942 operae

104 2031 106 2034 a
177 1969 312 2052 gratiam
336 1986 369 2031 11
393 1985 461 2030 1111
484 1965 633 2030 initurum
658 1968 712 2029 aut
734 1964 856 2048 ingenii
874 1967 922 2029 sui
937 1965 1035 2029 facem
1051 1965 1229 2030 hominibus
1246 1965 1345 2030 doctis
1362 1966 1580 2047 porrectarum

178 2053 357 2154 speraverit,
382 2071 581 2134 veliementer
604 2069 728 2134 errabit.
759 2070 846 2132 Adeo
881 2053 953 2132 sunt
985 2088 1187 2151 quaecunque
1218 2069 1285 2151 ipse
1317 2069 1485 2151 protuleris
1517 2069 1582 2133 sive

179 2177 216 2252 de
241 2179 366 2240 auctore
390 2175 454 2238 sive
479 2174 516 2238 de
542 2175 674 2238 materia
703 2161 760 2238 'aut
789 2174 889 2238 forma
910 2173 1038 2257 Dialogi
1070 2174 1226 2256 copiosius
1258 2177 1289 2238 et
1319 2173 1457 2238 ornatius
1489 2193 1582 2255 quam

176 2280 281 2363 possis·
312 2280 350 2344 ab
384 2278 454 2342 aliis
484 2279 547 2342 iam
578 2280 722 2342 tractata.
755 2279 791 2341 ln
814 2278 872 2341 lroc
902 2296 1006 2341 rerum
1038 2280 1122 2343 statu
1153 2277 1250 2342 nihilo
1282 2276 1386 2343 minus
1409 2298 1445 2342 ea
1477 2278 1582 2342 studia

178 2384 350 2449 colentibus
374 2383 463 2448 nobis
486 2385 635 2447 nontam
659 2385 694 2445 ut
718 2382 899 2446 doceremus
924 2401 987 2461 eos,
1019 2383 1072 2465 qui
1105 2382 1214 2447 eadem
1231 2371 1267 2445 'in
1300 2401 1333 2445 re
1357 2381 1579 2461 elaborassent,

176 2487 331 2553 scribendi
344 2488 582 2551 incitamentum
593 2487 662 2565 fuit,
676 2505 768 2568 quarn
784 2487 859 2564 illis,
876 2486 928 2568 qui
944 2487 1007 2552 sive
1024 2487 1147 2571 ingenio
1165 2487 1229 2551 sive
1240 2487 1347 2551 labore
1361 2490 1392 2550 et
1406 2475 1580 2552 constantia

178 2593 211 2656 id
245 2593 403 2657 consecuti
439 2593 552 2668 essent,
590 2593 627 2655 ut
653 2591 790 2654 omnium
826 2593 888 2656 fere
919 2611 1021 2656 rerum
1035 2599 1038 2607 ’
1054 2594 1086 2656 11
1117 2592 1229 2656 artium
1259 2591 1389 2655 scientia
1419 2592 1581 2675 gloriaque

176 2697 331 2773 florerent,
354 2696 460 2760 inanes
484 2699 516 2759 et
539 2695 680 2778 elingues
703 2715 741 2759 ne
764 2696 948 2761 videremur.
976 2698 1086 2779 ltaque
1109 2696 1294 2761 necessitate
1327 2696 1462 2779 quadam
1483 2686 1581 2761 officii

179 2801 295 2865 coactis
319 2800 408 2863 nobis
432 2801 568 2864 virorum
600 2799 773 2877 doctorum,
806 2801 969 2882 siquibus
1006 2801 1248 2879 adversabimur,
1281 2820 1358 2883 opus
1395 2803 1453 2864 erit
1482 2802 1579 2865 venia.

178 2905 279 2985 Quam
307 2923 366 2968 non
398 2905 557 2987 petissem,
591 2905 617 2967 si
652 2923 748 2985 aeque
779 2904 810 2967 in
843 2924 912 2968 mea
944 2907 1100 2986 potestate
1133 2908 1216 2970 esset
1246 2910 1347 2971 tacere
1379 2925 1471 2987 quam
1503 2906 1581 2970 haec

179 3011 330 3074 emittere.

233 3198 237 3205 Ι
284 3114 393 3177 luveni
429 3112 597 3176 admodum
630 3111 709 3175 mihi
745 3130 816 3177 curn
855 3114 1030 3179 studiorum
1068 3115 1250 3180 Latinorum
1285 3119 1409 3179 eractor
1445 3114 1579 3196 primurn

179 3218 315 3283 Cornelii
339 3218 440 3281 Taciti
457 3217 667 3293 Germaniam,
691 3219 760 3281 turn
777 3220 814 3283 ab
832 3237 959 3283 excessu
976 3219 1039 3284 divi
1053 3220 1189 3304 Augusti
1205 3221 1303 3284 libros
1331 3219 1494 3283 discendos
1517 3220 1582 3281 tra·

177 3322 317 3401 didisset,
340 3341 411 3386 mor
434 3322 603 3405 Dialogum
637 3323 810 3406 perlegenti
841 3324 958 3406 optime
991 3325 1101 3388 fecisse
1132 3324 1153 3388 ii
1185 3325 1380 3401 videbantur,
1414 3323 1466 3404 qui
1500 3323 1582 3386 hunc

176 3429 292 3491 librum
315 3446 429 3511 magno
452 3427 502 3491 illi
523 3446 628 3490 rerum
652 3427 796 3509 scriptori
831 3429 1030 3493 abnuendum
1053 3432 1222 3494 censerent.
1254 3429 1383 3494 Alienae
1408 3427 1490 3490 enim
1513 3445 1580 3490 esse

176 3531 253 3595 milri
270 3531 454 3595 videbantur
469 3531 561 3595 huius
579 3532 729 3596 sermonis
746 3535 919 3597 sententiae
934 3534 1036 3611 minus
1054 3533 1230 3598 reconditae
1248 3537 1279 3597 et
1295 3536 1403 3598 ornata
1416 3532 1581 3596 verborum

179 3638 269 3718 copia
293 3637 330 3701 ab
357 3637 534 3701 obscuriore
558 3636 614 3699 illo
640 3639 671 3699 et
693 3637 844 3715 breviore,
869 3637 951 3718 quod
976 3640 1047 3701 ante
1071 3657 1287 3720 cognoveram,
1312 3634 1581 3720 generedicendi.

281 3741 327 3804 Ac
350 3741 444 3822 paulo
467 3744 540 3821 post
563 3759 635 3804 cum
660 3740 815 3806 Ciceronis
840 3741 1003 3806 Oratorem
1028 3741 1067 3804 ad
1082 3743 1226 3807 Marcum
1241 3744 1374 3807 Burtum
1399 3741 1435 3804 de
1461 3741 1580 3821 optima

178 3847 300 3911 dicendi
313 3847 411 3910 forma
424 3845 587 3909 docentem
600 3845 756 3909 audissem
770 3848 876 3928 —qui
890 3866 939 3910 me
956 3849 1060 3911 nescio
1078 3867 1115 3911 an
1131 3867 1211 3911 unus
1227 3847 1400 3920 retinuerit,
1417 3845 1581 3928 quominus

179 3952 227 4016 his
269 3950 485 4035 grammaticis
521 3950 631 4014 studiis
667 3950 784 4014 relictis
809 3950 847 4014 ad
886 3952 980 4015 aliam
1018 3971 1109 4034 quarn
1149 3953 1281 4016 dicimus
1316 3952 1498 4016 facultatem
1532 3969 1581 4014 me

178 4055 380 4122 transferrem
390 4073 506 4119 —cum
521 4055 660 4119 eiusdem
673 4056 770 4120 libros
782 4055 951 4119 rhetoricos
964 4075 1086 4138 qnoque
1097 4057 1311 4140 perlegissem,
1325 4055 1502 4120 verisimile
1515 4073 1582 4119 esse

179 4161 394 4226 existimabam
441 4160 578 4243 aliquem
620 4181 654 4224 11
686 4162 846 4224 rhetorum
883 4159 1013 4224 officinis
1058 4161 1212 4239 iuvenem,
1262 4163 1315 4244 qui
1347 4161 1384 4224 ad
1417 4158 1580 4223 dicendum

178 4265 358 4344 eniteretur,
400 4265 513 4329 virium
548 4285 674 4329 suarum
711 4263 888 4346 periculum
920 4263 1043 4344 fecisse,
1082 4268 1118 4329 ut
1152 4265 1308 4331 Ciceronis
1344 4263 1581 4340 similitudinem

177 4370 353 4435 imitatione
378 4371 605 4452 assequeretur,
631 4388 692 4451 qua
714 4389 747 4432 re
770 4370 941 4454 Dialogum
964 4371 1160 4435 haberemus,

281 4474 473 4539 Labentibus
493 4473 604 4538 deinde
621 4474 708 4538 annis
725 4493 796 4538 cum
812 4475 975 4539 hominum
990 4474 1152 4539 doctorum
1168 4473 1206 4538 de
1221 4472 1354 4557 Dialogo
1372 4473 1580 4559 quaestiones,

178 4578 209 4642 in
235 4578 347 4661 quibus
371 4580 403 4643 et
426 4578 527 4660 qualis
551 4579 666 4660 quique
689 4579 768 4643 liber
791 4581 874 4645 esset
897 4582 928 4645 11
949 4599 1061 4645 nomen
1078 4578 1213 4644 auctoris
1236 4579 1339 4661 ipsum
1356 4577 1580 4661 ambigebatur,

179 4702 215 4747 ex
243 4684 342 4748 oculis
366 4703 525 4765 nunquam
550 4683 749 4761 dimisissem,
776 4685 877 4767 magis
909 4685 1072 4769 magisque
1102 4683 1394 4766 persuasummihi
1425 4683 1473 4746 est
1506 4681 1580 4746 orbe

180 4788 314 4870 quodam
340 4788 370 4852 in
402 4789 461 4852 hoc
478 4788 558 4852 libro
583 4788 775 4852 aestimando
798 4807 854 4852 nos
889 4789 1000 4872 agitari
1033 4790 1210 4871 propterea,
1243 4789 1326 4871 quod
1355 4787 1439 4852 haud
1469 4786 1578 4868 paucis

181 4892 308 4956 illorum
331 4892 364 4956 id
397 4892 571 4970 accidisset,
605 4896 640 4956 ut
663 4893 693 4956 in
726 4913 786 4975 quo
818 4893 933 4976 singuli
967 4893 1094 4975 antiquo
1128 4893 1278 4975 scriptore
1308 4892 1442 4957 maxime
1464 4890 1578 4955 versat'

179 4999 291 5074 essent,
317 5015 353 5060 11
376 4997 581 5061 similitudine
605 4997 775 5080 Dialogum
798 4996 902 5061 metiri
926 4999 1052 5062 vellent.
1087 4997 1164 5062 Inde
1199 5016 1276 5079 quae
1309 4996 1520 5063 dubitationes
1544 5014 1579 5059 ex

178 5101 369 5182 proprietate
393 5101 464 5166 libri
487 5103 652 5166 verborum
676 5102 845 5179 effluerent,
869 5102 900 5164 in
925 5103 1094 5180 auctorem,
1127 5121 1205 5183 quae
1228 5121 1263 5165 ex
1286 5103 1410 5166 nomine
1443 5100 1579 5166 auctoris

1451 5241 1476 5278 ΓΙ
