3564 5646
836 315 991 369 ..4-

213 524 420 601 nascerentur,
444 524 476 587 in
499 525 626 610 Dialogi
650 546 823 592 sermonem
846 524 1019 590 redundare
1042 526 1120 589 mihi
1143 525 1328 591 videbantur
1350 527 1404 610 113,
1429 528 1465 590 ut
1480 525 1618 590 alterum
1721 601 1726 610 ,

213 626 304 691 311311
327 626 466 692 officeret
491 632 522 694 et
545 632 692 695 obstaret.
718 631 774 696 Cui
792 631 931 714 periculo
954 632 991 694 ut
1012 631 1116 694 minus
1141 631 1290 696 obnoxius
1318 650 1428 709 essem,
1463 632 1618 714 optimam

216 749 284 795 esse
308 733 396 798 ratus
419 733 571 798 librorum
594 735 793 817 antiquorum
816 735 911 799 fidem
935 735 1079 800 Tacitum
1100 735 1282 817 scriptorem
1297 735 1328 798 in
1345 735 1472 819 dialogo
1489 738 1617 800 secutus

213 854 292 901 sum.
316 837 392 902 Inde
418 839 495 904 llaec
518 839 596 902 mihi
619 839 749 905 dicenda
772 860 840 905 esse
863 839 1056 904 videbantur.
1108 858 1112 871 ’

900 1017 929 1082 Ι.

317 1150 417 1214 Taciti
440 1151 471 1215 in
493 1151 584 1230 libro,
609 1153 658 1217 cui
675 1153 713 1218 de
735 1155 907 1220 oratoribus
924 1154 1111 1231 inscribitur,
1136 1172 1214 1234 quae
1231 1155 1280 1217 est
1294 1152 1451 1218 Ciceronis
1468 1154 1616 1234 imitatio,

213 1272 249 1317 ea
271 1272 332 1318 non
355 1257 419 1319 tam
444 1257 629 1337 perspicitur
656 1259 787 1342 singulis
820 1259 1049 1324 elocutionibus
1082 1277 1117 1322 en
1149 1258 1299 1321 sermonis
1324 1256 1517 1322 Ciceroniani
1541 1277 1617 1323 con-

212 1358 375 1422 suetudine
399 1362 532 1443 sumptis
556 1381 649 1443 quam
673 1364 816 1428 universa
846 1366 964 1448 dialogi
994 1362 1241 1427 adumbratione.
1274 1362 1501 1444 Disputationis
1534 1364 1617 1427 enim

211 1463 341 1550 materia
364 1466 396 1542 et
418 1469 637 1549 argumentum
657 1468 872 1534 'totum-fere>
893 1475 948 1534 ¹est
980 1467 1097 1551 ingenii
1129 1466 1273 1544 Tacitini,
1306 1468 1456 1530 sermonis
1491 1469 1619 1532 externa

212 1568 310 1632 lenna
332 1569 466 1650 repetita
489 1573 537 1633 est
559 1588 594 1633 ex
618 1571 707 1635 libris
730 1560 917 1657 rhetoricis,
936 1574 1048 1654 quibus
1072 1572 1179 1637 Cicero
1212 1571 1371 1652 inscripsit
1395 1571 1444 1649 ,de
1473 1573 1617 1636 oratore'.

213 1674 291 1737 Tres
315 1674 466 1738 habemus
479 1674 576 1739 libros
593 1676 772 1754 rhetoricos,
797 1681 860 1741 tres
876 1680 981 1758 partes
999 1677 1135 1760 dialogi:
1154 1674 1400 1757 cap.V.-XIII.
1422 1694 1527 1754 unam,
1551 1695 1619 1758 cap.

212 1777 455 1842 xva-ml.
480 1779 621 1856 alteram,
647 1798 712 1862 cap.
726 1780 1144 1846 XXVIIL—XLLtertiam.
1169 1777 1360 1844 Dividuntur
1382 1779 1464 1842 inter
1488 1798 1520 1843 se
1544 1780 1619 1843 libri

211 1882 357 1947 rhetorici
382 1883 514 1966 singulis
537 1885 714 1965 prooemiis
740 1869 858 1970 dialogi
881 1891 945 1950 tres
969 1886 1053 1963 illae,
1073 1904 1150 1966 quas
1174 1873 1319 1962 dindimus,
1342 1887 1447 1966 partes
1471 1885 1618 1948 brevibus

211 1986 453 2068 prolusionibus.
477 1988 582 2053 Primo
607 1988 806 2055 Ciceroniano
830 1992 911 2055 libro
941 1989 1086 2066 aedificii,
1112 1989 1195 2070 quod
1228 1987 1430 2052 extruendum
1465 1988 1618 2065 33111111-
1680 2029 1682 2031 ·

215 2091 396 2155 damentum
430 2093 562 2172 locatur,
587 2095 721 2158 secundo
758 2096 868 2160 domus
893 2095 1087 2171 aedificatur,
1111 2093 1205 2157 tertio
1241 2092 1386 2156 cubicula
1421 2095 1616 2158 exornantur.

212 2195 328 2259 Eadem
353 2197 383 2259 in
408 2197 543 2280 dialogo.
568 2199 689 2263 Primas
711 2220 913 2282 personarum
936 2204 1039 2282 partes
1073 2200 1180 2266 Cicero
1214 2197 1301 2262 dedit
1332 2198 1467 2280 agendas
1492 2199 1616 2277 Crasso,

212 2299 364 2364 secundas
387 2302 532 2380 Antonio,
557 2306 665 2368 tertias
698 2304 875 2382 Scaevolae,
908 2304 1031 2387 Catulo,
1067 2305 1200 2380 Caesari,
1239 2303 1387 2385 Sulpicio,
1424 2302 1543 2368 Cottae.
1581 2303 1617 2367 ln

213 2400 337 2487 dialogo
353 2406 470 2486 primas
485 2409 590 2488 partes
611 2409 744 2472 sustinet
760 2408 916 2474 Curiatius
929 2410 1099 2487 Maternus,
1116 2407 1268 2472 secundas
1281 2407 1450 2488 Vipstanus
1464 2408 1612 2487 Messala,

212 2508 320 2572 tertias
344 2510 470 2574 Marcus
493 2513 587 2594 Aper.

234 2620 236 2624 “
317 2612 417 2693 Quam
441 2619 548 2697 aperta
570 2617 706 2699 primum
723 2618 763 2681 sit
779 2618 836 2709 illa
852 2620 994 2682 externae
1010 2617 1128 2682 formae
1146 2615 1227 2699 apud
1243 2618 1411 2696 utrumque
1428 2614 1614 2694 similitudo,

211 2715 275 2779 iam
308 2718 488 2800 perspicies,
523 2720 712 2803 simulatque
747 2722 778 2786 in
807 2722 1068 2804 comparationem
1103 2720 1260 2785 vocareris
1283 2721 1341 2784 hos
1366 2718 1527 2801 utriusque
1555 2741 1618 2785 ser·

212 2820 312 2884 monis
335 2822 439 2887 locos:
584 2829 587 2832 ’

216 2932 217 2936 ’
489 2930 562 2994 Tac.
587 2928 660 2996 dial.
685 2948 751 3012 cap.
798 2931 821 2995 Ι.
846 2961 888 2984 =
912 2930 974 2996 Cio.
1000 2930 1037 2994 de
1061 2950 1103 2995 31.
1128 2931 1152 2994 l.
1178 2931 1207 3007 2,
1231 2931 1316 2992 4-5

1128 3035 1152 3098 l.
1177 3036 1205 3110 8,
1231 3035 1271 3097 30
1295 3053 1363 3116 squ.

1128 3140 1152 3203 l.
1179 3139 1228 3215 17,
1254 3140 1294 3202 74

1127 3244 1167 3307 ll.
1192 3245 1221 3320 3,
1248 3244 1376 3307 12-14

1126 3348 1166 3410 ll.
1192 3349 1221 3422 7,
1245 3348 1285 3410 27

1126 3453 1164 3516 ll.
1191 3453 1242 3529 29,
1269 3453 1329 3514 126

1125 3556 1180 3620 ΙΙΙ.
1205 3557 1256 3633 37,
1284 3556 1344 3618 148

1125 3661 1180 3725 111.
1205 3663 1257 3739 411,
1287 3662 1357 3724 187.

315 3770 350 3832 11
374 3768 534 3850 prooemio
559 3767 770 3849 componendo
787 3770 946 3831 auctorem
967 3765 1084 3847 dialogi
1102 3764 1258 3829 Ciceronis
1276 3765 1432 3847 exemplar
1447 3765 1492 3829 ita
1507 3765 1614 3829 vidisti

212 3877 354 3939 secutum
378 3892 454 3950 esse,
478 3875 515 3936 ut
540 3871 590 3936 hic
615 3871 655 3935 ad
679 3870 827 3951 Quintum
859 3870 994 3947 fratrem,
1028 3870 1083 3933 ille
1108 3869 1146 3933 ad
1170 3869 1301 3933 Fabium
1325 3869 1447 3933 Iustum
1479 3870 1615 3933 amicum

212 3980 330 4043 librum
368 3979 517 4055 mitteret,
553 3981 684 4059 uterque
718 3997 779 4040 non
814 3995 903 4040 suam
935 3974 1073 4056 proferre
1109 3975 1307 4052 sententiam,
1341 3972 1394 4036 sed
1418 3974 1558 4054 repetere
1582 3991 1614 4036 se

213 4101 386 4146 sermonem
409 4082 570 4147 hominum
595 4081 873 4145 disertissimorum
896 4079 1104 4162 profiteretur.

315 4187 351 4251 In
373 4188 484 4271 prima,
513 4206 605 4268 quam
633 4186 809 4263 statuimus,
849 4184 966 4267 dialogi
999 4186 1088 4265 parte
1121 4183 1169 4249 bis
1207 4180 1437 4264 deprehendisti
1474 4184 1613 4262 apertam

212 4292 405 4358 Ciceroniani
421 4292 570 4356 sermonis
587 4290 810 4355 imitationem:
834 4291 970 4373 primum
995 4290 1025 4352 in
1043 4289 1098 4367 313,
1123 4306 1201 4369 quae
1217 4287 1310 4368 Aper,
1335 4289 1370 4351 ut
1393 4285 1613 4367 disputationis

211 4397 446 4464 fundamentum
481 4400 636 4479 ponatur,
657 4395 776 4477 profert
799 4395 847 4458 de
882 4393 1079 4475 eloquentiae
1115 4392 1264 4471 utilitate,
1304 4391 1466 4474 dignitate,
1504 4390 1613 4472 gloria,

212 4503 323 4567 deinde
346 4504 377 4566 in
400 4501 502 4584 prima
524 4502 580 4564 illa
602 4501 737 4564 Materni
760 4518 910 4582 personae
933 4496 1161 4560 introductione
1186 4516 1256 4560 cum
1279 4495 1409 4577 incipiat
1432 4514 1464 4557 se
1482 4493 1613 4558 artificio

212 4606 348 4689 quodam
371 4607 552 4689 mitigatum
576 4624 637 4668 non
661 4604 852 4668 luctaturum
876 4622 943 4667 esse
967 4621 1038 4666 cum
1060 4603 1154 4684 Apro.

219 4715 221 4719 ’
316 4710 382 4774 Iam
405 4709 552 4787 Messala,
575 4712 611 4772 ut
634 4707 673 4772 ad
695 4709 821 4773 brevem
848 4709 937 4772 illam
961 4707 1114 4771 secundae
1130 4707 1228 4789 partis
1245 4704 1457 4787 prolusionem
1473 4707 1614 4768 transea-

212 4837 311 4896 amus,
335 4821 435 4880 nonne
460 4814 577 4891 eadem,
603 4833 664 4895 qua
680 4813 762 4895 apud
779 4813 960 4879 Ciceronem
982 4814 1013 4876 in
1031 4811 1165 4876 seeundo
1181 4812 1262 4875 libro
1280 4809 1420 4887 Catulus,
1437 4807 1614 4871 urbanitate

212 4923 307 4985 intrat
330 4940 400 4984 erun
422 4921 575 4996 vereatur,
599 4937 637 4980 ne
660 4919 739 4982 forte
763 4918 917 4981 molestus
940 4917 1147 4981 interveniat?

316 5023 476 5090 Secundae
512 5025 615 5086 autem
647 5013 745 5104 partis
780 5021 867 5085 initio
902 5021 1015 5085 iisdem
1048 5021 1111 5086 fere
1144 5019 1256 5094 verbis,
1293 5018 1404 5099 quibus
1428 5016 1559 5081 Crassus
1584 5018 1614 5078 31

214 5134 344 5200 Catulus
367 5131 396 5194 in
422 5131 594 5206 rhetoricis,
619 5127 737 5212 dialogi
753 5127 991 5192 interlocutores
1007 5126 1175 5207 impetrant
1189 5125 1270 5187 inter
1286 5141 1328 5201 se,
1345 5127 1380 5186 ut
1394 5120 1616 5203 progrediatur·
