3564 5646
812 331 966 384 -13-

184 552 242 620 tos,
267 566 313 619 co,
347 544 486 628 quotiens
507 545 668 627 permittit,
703 543 845 621 brevitas,
881 545 908 604 ie
931 544 1156 627 compositionis
1179 542 1277 620 decor,
1313 567 1349 605 co
1371 545 1593 607 sententiarum

181 645 326 731 planitas
359 656 411 722 eat,
446 649 489 708 sic
513 648 688 730 opprimitis
711 647 859 731 adfectae,
895 650 938 709 sic
963 647 1130 710 libertatem
1164 651 1356 732 temporatia,
1391 658 1426 710 ot
1448 652 1541 711 ctiam
1563 649 1595 713 ai

184 760 292 813 nostro
314 750 433 812 ‘indicio
463 750 641 834 ‘mcclipnitao
664 761 690 813 ct
723 751 845 813 invidio
879 752 1062 830 tmclooerit,
1099 775 1204 814 varrone
1226 751 1263 813 tle
1284 751 1370 814 cobis
1392 752 1509 815 dictori
1530 754 1594 815 sint

183 856 302 939 posteri
323 857 430 916 orostri.

289 985 430 1049 llurxdem
464 987 615 1051 sermonis
640 990 779 1052 tenorem
803 988 1000 1070 similemque
1036 989 1224 1053 sententiam
1246 989 1297 1052 hic
1321 991 1352 1052 et
1374 988 1440 1052 illic
1474 988 1592 1053 servari

186 1109 277 1154 nenio
301 1108 361 1154 non
378 1090 513 1153 fateatur
528 1110 655 1154 necesse
672 1094 729 1154 est.
754 1090 875 1171 Quaero
892 1096 1007 1170 autem,
1032 1113 1092 1176 quo
1117 1093 1187 1176 quis
1211 1093 1341 1171 doctior,
1366 1113 1402 1156 ex
1426 1111 1461 1156 eo
1479 1093 1592 1176 magis,

188 1197 260 1257 uter
284 1213 401 1272 eorum,
437 1213 515 1277 quos
550 1195 782 1277 exscripsimus,
814 1197 954 1261 locorum
981 1200 1091 1261 auctor
1114 1198 1209 1262 altius
1233 1197 1439 1276 descenderit,
1470 1197 1512 1262 sit
1535 1197 1592 1260 ad-

185 1299 359 1363 mirabilior
393 1299 424 1362 in
459 1299 598 1364 dicendo.
634 1301 711 1364 Uter
745 1300 853 1379 maior,
889 1302 1061 1384 discipulus
1096 1322 1134 1365 an
1168 1304 1359 1385 praeceptor,
1397 1302 1525 1365 Tacitus
1553 1321 1592 1365 an

187 1403 424 1483 Quintilianus?
447 1405 559 1482 Hicne,
583 1405 636 1487 qui
659 1406 753 1486 paulo
779 1409 850 1469 ante
864 1404 886 1492 ¹)
922 1407 1119 1485 desideravit,
1143 1418 1177 1469 nt
1200 1417 1272 1469 esset
1296 1407 1391 1468 nvnlto
1412 1408 1511 1490 coopto
1530 1431 1593 1494 pcc-

186 1531 275 1590 poocc
297 1507 466 1586 deneradas,
503 1529 541 1572 an
564 1510 628 1586 ille,
666 1510 719 1593 qui
742 1511 825 1573 idem
848 1513 885 1574 ut
908 1511 1106 1593 signiticaret,
1132 1511 1273 1575 Secundo
1298 1511 1406 1575 arbitri
1428 1531 1594 1593 personam

189 1612 363 1696 assignavit
387 1633 519 1695 eumque
551 1616 707 1677 tacentem
730 1614 822 1697 fingit
843 1634 898 1697 per
921 1618 1024 1678 totum
1047 1617 1109 1680 fere
1133 1620 1329 1680 sermonem?
1364 1604 1460 1680 Cuius
1483 1616 1595 1679 lauda-

186 1717 282 1781 bilem
298 1719 476 1782 facundiam
491 1739 621 1802 eamque
638 1723 794 1784 carentem
811 1720 1029 1801 extemporalis
1049 1720 1196 1783 audaciae
1221 1722 1253 1783 et
1271 1720 1431 1784 facilitatis
1443 1718 1469 1803 2)
1493 1739 1595 1801 neque

188 1823 326 1904 apertius
351 1824 517 1907 depingere
541 1825 714 1906 discipulus
738 1846 808 1889 mea
829 1824 953 1906 quidem
978 1824 1134 1888 sententia
1156 1824 1260 1905 potuit
1275 1823 1340 1887 illis
1359 1824 1435 1905 Apri
1446 1824 1595 1888 laudibus

187 1947 287 2010 neque
323 1928 483 1992 clerentius
519 1931 577 1993 hoc
609 1930 725 2012 ingenii
749 1930 797 1994 sui
829 1928 969 2006 artificio,
1006 1948 1066 2010 quo
1098 1929 1250 2009 pictorem
1281 1927 1373 1991 illum
1396 1928 1596 1991 Timanthem

188 2033 366 2096 aemulatus
401 2052 469 2097 esse
492 2033 569 2096 mihi
603 2034 735 2111 videtur,
773 2034 826 2116 qui
849 2034 932 2115 quod
967 2033 998 2096 iu
1028 2033 1138 2096 tabula
1171 2031 1380 2096 immolandae
1414 2031 1594 2114 iphigeniae

188 2137 287 2218 patris
310 2156 486 2200 maerorum
512 2138 680 2218 exprimere
691 2131 737 2200 ‘se
761 2157 852 2218 posse
876 2137 999 2218 pictura
1023 2137 1208 2218 desperavit,
1232 2137 1476 2219 Agamemnonis
1501 2139 1596 2218 caput

188 2241 417 2305 obvolvendum
431 2242 556 2322 putavit
569 2241 605 2326 ³).
631 2241 729 2321 Quem
743 2242 930 2323 discipulum
946 2243 1074 2322 propter
1089 2240 1225 2322 inopiam
1239 2242 1462 2305 vocabulorum
1476 2260 1596 2306 sermo-

188 2365 259 2408 nem
283 2345 418 2428 aliquem
436 2366 454 2409 a
471 2346 663 2426 Quintiliano
687 2349 886 2428 praeceptore
910 2345 1072 2408 decadem
1095 2366 1128 2408 re
1151 2346 1293 2409 habitum
1309 2345 1453 2410 liberiore
1477 2345 1596 2428 dialogi

188 2450 286 2512 fornrra
310 2451 507 2531 expressisse,
530 2451 563 2514 id
587 2451 670 2533 quod
695 2451 845 2532 Vogelius
868 2449 984 2527 vulta,
1018 2453 1140 2514 tantum
1164 2451 1263 2530 abest,
1287 2453 1324 2514 ut
1347 2450 1519 2528 credamne,
1555 2453 1593 2514 ut

189 2555 384 2618 disertiorem
409 2555 564 2637 quandam
588 2556 799 2638 eloquentiam
824 2555 932 2618 Tacito
956 2555 1159 2619 vindicemus.

294 2668 382 2731 Sicut
406 2667 542 2730 enimin
567 2669 696 2750 agendo,
732 2668 829 2732 sicin
855 2668 1016 2732 scribendo
1054 2668 1114 2731 duo
1141 2667 1168 2732 si
1190 2667 1309 2731 faciunt
1332 2667 1426 2746 idem,
1462 2688 1522 2732 non
1548 2672 1597 2733 est

189 2773 282 2836 idem.
306 2773 462 2836 Attulisse
486 2773 546 2837 sibi
569 2773 692 2838 videtur
707 2773 858 2856 Vogelius
880 2772 963 2835 haud
987 2772 1068 2836 levia
1091 2772 1278 2835 documenta
1301 2772 1452 2837 sermonis
1476 2772 1597 2853 Quinti-

181 2877 263 2953 ¹liani
287 2897 305 2939 a
329 2877 481 2958 discipulo
514 2878 660 2959 exscripti
696 2897 732 2940 ea
754 2897 796 2954 re,
834 2876 917 2959 quod
950 2876 1116 2957 utrobique
1142 2875 1283 2957 Orpheus
1323 2879 1354 2940 et
1376 2875 1474 2939 Linus
1497 2880 1596 2955 vates,

189 2981 330 3059 Crassus,
366 2982 488 3060 Caesar,
512 2982 624 3060 Pollio,
651 2982 764 3047 Calvus
782 2985 930 3058 oratores,
953 2969 1154 3045 Nicostratus
1177 2981 1275 3064 pugil,
1300 2981 1355 3044 alii
1384 2980 1595 3055 nominantur,

189 3085 355 3167 utrobique
384 3085 449 3160 ,dis
473 3086 693 3170 geniatregec
722 3089 754 3150 et
783 3085 999 3168 „pestilentiae
1016 3084 1169 3148 remedia
1197 3086 1489 3149 commemorantur.
1514 3085 1595 3164 Quid

189 3189 308 3272 igitur?
332 3189 521 3254 Nominibus
545 3193 577 3254 et
598 3191 760 3255 vocabulis
783 3211 884 3255 nonne
904 3190 1062 3254 subiectae
1086 3192 1160 3253 sunt
1182 3194 1255 3253 res?
1280 3189 1340 3268 Qui
1363 3208 1465 3252 rerum
1487 3207 1593 3252 monu-

190 3297 296 3357 menta
319 3295 452 3376 posteris
470 3297 537 3358 erat
551 3295 734 3374 traditurus,
753 3296 791 3373 ei,
816 3296 918 3373 credo,
942 3314 1002 3358 non
1027 3294 1143 3357 licebat
1159 3293 1281 3375 Orpheo
1299 3296 1331 3357 et
1343 3294 1419 3357 Lino
1442 3291 1592 3356 anteferre

190 3399 356 3462 Musaeum
380 3402 412 3463 et
433 3400 633 3480 Eumolpum,
671 3400 775 3464 Crassi
800 3403 832 3463 et
856 3399 997 3464 Caesaris
1019 3399 1089 3462 loco
1114 3397 1211 3461 aliurn
1246 3398 1418 3479 quemlibet
1439 3399 1595 3460 oratorem

192 3503 321 3586 exiguae
343 3504 536 3567 maturitatis
568 3504 737 3581 nominare,
771 3491 848 3568 alias
873 3523 966 3587 quam
990 3522 1069 3584 quae
1092 3501 1309 3565 tractabantur
1330 3505 1398 3566 tum
1426 3501 1458 3564 in
1481 3501 1598 3566 scholis

191 3609 472 3672 controversiarum
495 3609 642 3673 materias
667 3629 856 3674 enumerare.
882 3610 993 3691 ltaque
1008 3607 1095 3672 Varii
1119 3608 1270 3690 Thyestes
1295 3611 1327 3671 et
1350 3607 1454 3672 Ovidii
1475 3606 1595 3683 Medea,

192 3711 318 3776 Cassius
344 3713 476 3777 Severus
500 3715 532 3776 et
547 3714 758 3792 Nicostratus,
784 3715 837 3797 qui
861 3717 893 3777 et
915 3714 966 3776 hic
990 3714 1022 3775 et
1043 3711 1109 3775 illic
1132 3711 1289 3794 leguntur,
1314 3731 1375 3775 non
1398 3711 1500 3793 magis
1524 3713 1597 3775 sunt

191 3816 353 3880 offensioni
377 3819 432 3881 aut
456 3817 577 3882 servilis
602 3817 765 3881 cuiusdam
787 3817 974 3881 imitationis
1004 3817 1145 3897 exempla
1169 3836 1263 3898 quam
1286 3816 1502 3879 Metrodorum
1525 3798 1597 3896 pro-

190 3919 301 3984 bamus
324 3921 492 3984 memoriae
508 3922 668 3986 artificem.
694 3922 843 4004 Quisquis
867 3921 949 3984 enirn
973 3941 1008 3984 ex
1032 3906 1108 3984 arte*
1122 3922 1176 3983 aut
1197 3919 1290 3982 laude
1314 3919 1466 4004 singulari
1485 3939 1598 3984 nomen

192 4025 337 4106 repperit,
373 4026 404 4089 in
428 4026 549 4110 generis
582 4027 711 4090 humani
745 4025 968 4091 conscientiam
991 4025 1064 4108 quia
1097 4026 1316 4116 transgressus·
1347 4027 1403 4102 est,
1436 4016 1598 4105 praeteriri

193 4129 342 4193 historico
367 4131 510 4212 scriptori
533 4131 651 4212 nequit.

297 4258 442 4325 Ceterum
465 4281 502 4324 ne
533 4261 564 4324 in
590 4262 738 4343 exemplis
762 4261 887 4344 quidem
911 4260 1074 4327 afferendis
1099 4259 1227 4325 Tacitus
1251 4280 1373 4344 semper
1401 4264 1528 4325 secutus
1552 4261 1602 4323 est

193 4364 431 4444 Quintilianum.
468 4365 535 4445 Qua
557 4367 589 4430 in
612 4386 645 4430 re
669 4368 752 4432 haud
775 4367 911 4431 alienum
935 4368 973 4431 ab
996 4365 1160 4447 utriusque
1182 4364 1307 4449 ingenio
1342 4365 1422 4428 illud
1444 4364 1599 4442 videatur,

193 4468 276 4549 quod
290 4470 449 4550 praeclara
463 4474 600 4534 matrum
613 4472 754 4554 exempla
767 4471 977 4551 Quintilianus
994 4471 1084 4534 affert
1096 4469 1283 4547 Corneliam,
1299 4472 1431 4533 matrem
1445 4467 1599 4534 Graccho-

191 4594 270 4650 rum,
304 4575 455 4653 Laeliam,
490 4576 702 4652 Hortensiam,
738 4579 801 4640 tres
837 4579 994 4640 oratorum
1017 4574 1239 4656 procreatrices
1256 4571 1291 4660 ⁵),
1327 4573 1455 4637 Tacitus
1490 4574 1600 4635 contra

299 4805 317 4866 ¹)
337 4802 449 4867 Quintil.
468 4804 501 4856 X.
522 4804 544 4855 1.
565 4802 623 4855 120.

298 4891 318 4959 ²)
339 4890 392 4943 Tac
411 4889 474 4943 dial.
494 4906 551 4959 cap.
570 4891 594 4942 2.
616 4890 655 4942 16.
677 4889 767 4955 Quint.
787 4888 819 4941 X.
839 4887 863 4951 3,
884 4888 924 4940 14.

296 4976 316 5046 ³)
338 4976 392 5031 Cic.
411 4994 449 5030 or.
467 4976 489 5029 I.
508 4976 550 5038 22,
572 4976 613 5029 74.

294 5067 304 5100 ⁴
335 5065 351 5118 l.
371 5082 393 5118 c.
412 5082 438 5133 p.
457 5065 516 5117 264.

296 5159 316 5221 ὅ)
336 5153 447 5218 Quintil.
466 5152 488 5204 Ι.
510 5153 531 5215 l,
551 5152 575 5204 6,
